3214 5062
799 457 982 518 ...46-

354 632 663 718 ponitMenedemus
675 651 747 696 eum
759 632 849 698 addit
858 633 986 700 cottidie
996 631 1204 714 accusabum;
1222 632 1422 720 deniquehis

357 763 424 810 non
434 747 606 816 contentus
618 740 718 806 verba
730 744 949 808 accusationis
958 742 1082 826 repetit.
1111 740 1151 806 I'n
1167 738 1263 809 Adel.
1289 743 1422 806 662-4

937 851 1074 938 ‚foetum
1097 872 1118 917 u
1140 850 1228 917 uobis
1249 852 1376 918 duriter

465 1027 471 1039 ,
515 960 864 1044 inmisericorditerque
886 967 983 1044 utque
1006 961 1112 1041 etium,
1136 960 1165 1026 si
1188 965 1243 1042 est,
1259 966 1365 1044 puter,

516 1069 689 1138 dicendum
710 1071 813 1154 naaqis
835 1075 951 1154 operte,
975 1070 1187 1137 inliberaliter

359 1199 544 1264 Aeschinus
573 1219 768 1283 quamquam
803 1202 905 1264 animi
936 1201 1151 1264 concitatione
1186 1199 1284 1265 verba
1319 1199 1421 1264 multi·

356 1305 455 1388 plicat
486 1310 592 1371 tamen
634 1311 733 1392 patris
771 1311 952 1374 reverentia
984 1309 1074 1373 addit
1107 1310 1137 1376 si
1174 1315 1219 1376 est
1253 1307 1422 1374 dicendum

357 1416 462 1501 mobis
496 1423 603 1500 operte
647 1437 729 1501 quae
761 1421 862 1482 verbe
896 1417 1071 1482 ostendunt
1105 1399 1316 1516 inliberaliter
1346 1418 1422 1503 plus

359 1521 466 1589 vilere
492 1545 585 1607 quam
608 1519 744 1593 duriter
761 1528 1122 1609 inmisericorditerque.

465 1675 605 1739 Nomina
621 1675 668 1766 *ad
690 1674 959 1759 significationem
976 1677 1192 1743 adverbialem
1214 1677 1425 1753 conferuntur

360 1781 446 1847 And.
477 1783 537 1846 161
574 1783 630 1848 ubi
667 1783 781 1850 obniue
815 1783 880 1850 ter'e
914 1783 998 1848 idem
1029 1787 1115 1872 valet
1144 1795 1241 1872 atque
1275 1777 1425 1853 munibus

355 1874 573 1978 pedibusquer
709 1979 711 1986 Ι

520 2023 612 2084 quem
628 2023 683 2088 eqo
702 2002 794 2069 erebo
809 2001 961 2076 munibus
971 2003 1169 2092 pedibusque
1185 2004 1299 2081 obnixe
1315 2007 1425 2074 omnia

534 2116 694 2178 acturum.
813 2115 815 2124 ‘
1267 2171 1271 2181 .

362 2219 482 2283 Vocem
516 2109 669 2286 breuibus
697 2197 898 2304 nubibusque
931 2241 1026 2304 quum
1064 2222 1210 2286 Donatus
1244 2224 1321 2287 dicit
1351 2216 1425 2304 esse

360 2326 593 2412 proverbialem
629 2336 660 2394 et
697 2329 844 2396 omnibus
872 2330 1011 2397 'uiribus
1045 2331 1226 2416 significare
1259 2332 1427 2397 Terentius

361 2429 545 2509 ἆσυνδὲτως
582 2438 693 2504 scribit
736 2440 820 2504 And.
857 2439 932 2503 676.
962 2439 1005 2504 ef.
1031 2442 1077 2529 Pi.
1104 2441 1205 2505 Most
1237 2442 1321 2506 1118
1355 2461 1428 2506 curn

356 2547 491 2630 pedibus
513 2548 673 2626 monibus,
697 2572 771 2629 curn
793 2549 904 2635 diuitis
926 2550 1072 2629 auribus,
1097 2551 1196 2617 ocutis
1220 2547 1330 2616 lubrie.

450 2677 635 2780 *Parasitus
658 2684 694 2743 ut
716 2665 810 2744 militi
845 2659 1045 2762 gratificetur
1064 2681 1162 2747 verba
1197 2677 1368 2744 ridiculum
1392 2676 1432 2738 iu¹

363 2787 495 2851 modum
519 2787 664 2851 cumulat
685 2785 771 2850 Eun.
794 2790 858 2851 427

521 2897 631 2980 facete,
655 2897 764 2998 tepide,
790 2898 885 2977 toute,
909 2899 960 2965 nit
982 2919 1093 2981 snpra.

470 3024 521 3090 De
553 3026 691 3090 formula
713 3027 797 3110 forte
819 3034 933 3096 temere
962 3030 1126 3112 disputent
1149 3021 1428 3107 Hand,'.1urs.11

365 3155 396 3217 p.
423 3136 464 3199 73
488 3142 520 3200 et
543 3137 662 3200 Preuss
684 3131 749 3206 10.
765 3140 857 3220 aet
880 3158 931 3222 sq.
975 3138 1075 3222 Apud
1090 3136 1277 3212 Terentium
1305 3134 1426 3198 locutio

365 3246 534 3310 invenitur
555 3245 652 3308 Phor.
678 3245 740 3307 757

929 3378 1028 3439 quum
1051 3375 1143 3439 euepa
1165 3356 1249 3440 forte
1271 3357 1385 3418 temere

525 3464 679 3530 eueniunt
702 3484 874 3546 euoenon
898 3465 1019 3533 uudecn
1042 3464 1170 3550 optaret

366 3594 418 3657 Ad
439 3593 538 3660 Phor.
564 3577 629 3658 en

428 3709 430 3714 '
520 3704 576 3786 poi
599 3725 648 3770 nee
670 3702 809 3769 detinuit
831 3703 969 3771 morbus.
993 3701 1101 3770 unde?
1124 3707 1181 3768 out
1206 3699 1286 3784 qui?

367 3813 520 3876 Dziatzbo
544 3817 679 3876 annotat
712 3813 821 3879 ‘Unde
843 3813 930 3897 fragt
962 3817 1045 3878 nauh
1069 3812 1184 3876 Grund
1219 3810 1288 3874 un'd
1310 3809 1430 3874 Auluss

367 3923 423 3986 der
436 3921 627 4004 Krankheit,
652 3921 710 4004 qui
721 3923 803 3985 nach
826 3924 912 3988 ihrer
922 3924 1003 3992 Art’.
1039 3923 1102 3988 Sed
1115 3921 1283 3985 Terentius
1305 3936 1433 3982 remex

369 4035 465 4097 variis
499 4031 645 4118 partibus
680 4052 752 4096 oum
789 4038 924 4098 tractare
959 4041 1039 4102 tum,
1057 4049 1210 4120 quaerere
1244 4034 1338 4096 amat.
1384 4023 1431 4092 Cf.

368 4143 465 4209 Phor.
489 4144 555 4206 418
578 4147 694 4206 atnoe
716 4142 825 4210 unde?
847 4149 905 4208 out
928 4141 1085 4227 quoni'ob
1107 4139 1201 4208 rena?
1247 4135 1342 4205 Phor.
1361 4135 1434 4217 580,

370 4253 436 4315 952
462 4257 638 4336 quopoeto
661 4253 849 4318 obtunde?
973 4325 975 4331 ¹
1024 4280 1027 4284 ’
