3214 5062
781 456 959 515 ..34-

443 628 531 692 Haeo
541 630 691 712 exempla
713 629 825 694 allerre
838 649 968 714 possum
993 627 1400 703 u'hi'lerentiusadieotivn

335 721 571 822 praepositione
594 740 631 802 in
655 740 828 822 composita
851 741 1027 820 coniungit.
1073 741 1159 803 And.
1185 740 1250 804 245

495 848 598 913 adeon
621 849 783 913 harninem
812 869 877 912 essa
899 849 1115 913 invenustum
1146 853 1205 912 ant
1238 849 1399 933 infelicem
1423 919 1426 925 ¹

671 1003 674 1008 -
763 977 958 1040 quemquam
979 962 1017 1021 nt
1040 977 1092 1042 epa
1115 959 1206 1020 mem!

336 1062 425 1130 And.
449 1065 593 1152 att-8

875 1175 978 1238 adeon
1001 1195 1051 1238 me
1073 1175 1226 1259 ianaaom
1243 1181 1354 1259 putas,

475 1275 594 1346 'adeon
615 1303 716 1366 parra
738 1283 910 1366 inpratmn
927 1289 986 1347 aut
1007 1283 1241 1352 inhumanam.

336 1390 455 1456 Heaut.
481 1392 545 1456 633

495 1507 522 1564 te
544 1501 732 1567 inscientem
755 1506 849 1584 atque
871 1502 1099 1584 inprudentem
1114 1503 1215 1567 dicem
1237 1524 1276 1568 aa
1289 1505 1399 1589 faeere

734 1610 882 1673 tomam.
1114 1609 1116 1614 ’

337 1717 421 1786 Eun.
448 1720 510 1782 136

493 1827 675 1912 inprudens
699 1829 817 1892 harum
840 1849 949 1891 rernm
973 1829 1172 1913 a'pnarusqne
1193 1831 1352 1895 oninium.

337 1939 430 2005 Phor.
456 1939 523 2003 499

353 2091 365 2098 .»
483 2048 597 2112 adeon
633 2055 660 2110 te
697 2067 761 2110 esse
795 2044 1020 2126 ineapitantem
1053 2053 1149 2131 atque
1179 2048 1398 2133 impudentem

763 2153 834 2217 sine
856 2154 958 2220 moda.
1081 2181 1084 2188 Δ

336 2264 376 2328 In
409 2263 499 2328 Ano.
535 2262 600 2327 603
635 2263 821 2347 insperante
854 2263 911 2328 lma
943 2269 1039 2346 atque
1079 2264 1184 2328 inuita
1219 2264 1397 2349 Pamphila,

335 2375 523 2459 insperante
545 2376 676 2439 videtur
699 2375 738 2436 ed
757 2370 921 2436 Simonem
946 2379 1098 2455 spectare,
1122 2373 1226 2436 inuita
1249 2375 1289 2436 ad
1308 2377 1399 2439 Pam-

337 2482 473 2566 philum,
498 2494 534 2547 ut
557 2501 735 2566 synonyma
758 2483 823 2544 non'
847 2481 1048 2563 copulentur.
1093 2481 1132 2546 Ia
1157 2484 1244 2551 And.
1268 2484 1331 2546 257

494 2594 594 2656 sellem
618 2612 751 2655 aaeesam
772 2591 917 2673 ineptam
939 2591 1050 2654 saltem
1072 2591 1192 2674 falsam
1214 2592 1366 2676 iniquam

335 2695 488 2786 iniquam
511 2702 615 2766 artius
647 2704 734 2763 aum·
754 2700 873 2778 falsam
908 2719 1003 2782 quam
1038 2719 1112 2764 oum
1157 2702 1301 2786 ineptam
1325 2721 1399 2766 con·

335 2805 494 2892 iungitur.
552 2810 590 2874 In
615 2809 710 2873 Phor.
738 2809 800 2872 120
835 2808 933 2872 verba
964 2809 1142 2874 indotatam
1177 2816 1275 2895 etque
1304 2811 1397 2895 iuna-

336 2919 429 2984 bilem
453 2920 723 3004 significationem
750 2916 888 2982 similem
912 2937 977 2980 uon
994 2918 1128 2984 habeut.

440 3030 680 3093 Adiectivoram
721 3028 1001 3092 homoeoteleuton
1030 3031 1136 3092 rarius
1170 3031 1266 3093 etiam
1302 3048 1397 3113 quam

336 3138 502 3202 alliteratio
527 3139 613 3222 apud
634 3139 820 3213 Terentium
844 3138 1017 3201 invenitur.
1056 3138 1141 3203 And.
1167 3139 1230 3202 132
1334 3183 1338 3192 ·

387 3291 404 3303 „
427 3289 429 3294 ·
495 3247 571 3312 hene
592 3249 838 3313 dissimulatam
860 3266 1002 3310 ornarem
1025 3253 1053 3310 et
1075 3248 1211 3312 eemtnm
1234 3247 1367 3312 indicat.

335 3353 650 3436 Homoeoteleuton¹)
679 3358 766 3440 quod
795 3362 844 3420 est
877 3358 911 3422 in
943 3357 1051 3421 verbis
1081 3357 1325 3421 dissimulatum
1364 3364 1402 3422 et

334 3465 470 3528 eehrtnm
508 3470 616 3532 minue
651 3467 782 3531 auditur
809 3486 881 3530 oum
918 3467 984 3529 duo
1028 3467 1127 3531 verba
1161 3469 1402 3550 interponantur

335 3591 441 3657 neque
475 3575 631 3640 adieotlva
664 3577 802 3641 similem
838 3577 938 3638 istum
971 3575 1119 3640 habeant.
1177 3574 1316 3659 Spengel
1361 3577 1400 3638 ad

335 3701 464 3746 versum
506 3685 645 3750 affirmat
692 3687 754 3749 duo
797 3683 915 3750 verba
938 3692 1059 3768 quanta
1100 3705 1178 3748 cura
1210 3685 1401 3770 Pamphilus

335 3794 644 3860 amoremoelaverit
663 3797 842 3862 ostendere.
903 3793 965 3858 Sed
990 3798 1089 3858 etiam
1114 3796 1281 3862 admiratio
1303 3795 1402 3878 patrie

335 3903 392 3983 qui
417 3901 620 3986 Pamphilum
645 3905 837 3986 Glycerium
861 3923 970 3967 amare
993 3904 1145 3967 nescierit
1168 3903 1274 3966 verbis
1298 3903 1402 3986 dupli-

335 4012 414 4075 catis
438 4012 649 4094 signifieatu'r.
693 4014 733 4078 In
757 4014 840 4077 And.
867 4014 940 4077 619¹
960 4014 1044 4076 ludit
1066 4018 1162 4097 poeta¹
1183 4013 1289 4076 verbis
1312 4013 1402 4096 inpe-

333 4136 545 4148 *—

441 4171 467 4239 1)
486 4169 531 4226 De
552 4168 686 4242 Terentii
704 4150 1012 4254 ueu'homoeoteleuti
1030 4168 1198 4235 ef.Hauler,
1209 4165 1402 4256 Terentiana,

334 4275 360 4322 p.
379 4261 412 4313 21
423 4277 486 4332 eqq.
513 4283 518 4294 ·
