3214 5062
626 510 801 570 ..15-

187 687 275 750 atterat
298 689 348 750 vIs
372 691 550 753 sententiae
573 694 717 770 augetur.
773 685 876 751 Casus
898 688 1066 772 genetivus
1089 708 1131 752 ex
1153 689 1246 753 borno

182 797 299 881 pendet
321 797 401 861 Heu.
425 797 487 860 861

341 913 379 971 ut
400 927 491 970 uuus
513 907 663 972 omnium
686 909 779 973 bomo
803 911 830 970 tc
853 907 941 972 uiuat
963 929 1131 992 nusquam
1151 908 1242 993 quis-

606 1039 707 1101 quam
731 1015 887 1081 blandior.

184 1125 222 1190 In
248 1124 378 1189 duobus
401 1126 559 1209 exemplis
586 1127 795 1211 sequentibus
818 1145 913 1191 casus
936 1131 1107 1208 genetivus
1130 1130 1169 1194 do
1193 1131 1246 1194 ad-

184 1237 301 1301 tactivo
319 1237 514 1320 superlativo
530 1239 638 1320 potius
655 1257 752 1320 quam
766 1237 806 1300 de
818 1237 948 1299 nornine
960 1239 1101 1320 pendere
1110 1241 1247 1305 videtur.

181 1345 276 1414 Adel.
301 1348 366 1410 218

341 1456 512 1521 homiuum
535 1458 628 1522 bomo
650 1457 850 1521 stultissime.

187 1566 281 1629 Phor.
307 1566 370 1629 853

342 1676 525 1741 comiatum
548 1681 739 1760 quantumst
760 1675 819 1758 qui
835 1673 951 1739 uiauut
966 1676 1059 1740 bomo
1075 1677 1246 1744 homiuum

605 1784 826 1850 ornatissime!

182 1895 244 1959 Hic
277 1896 424 1959 stmiliter
457 1901 553 1979 atque
587 1897 620 1959 in
657 1895 740 1961 Eun.
767 1895 828 1958 757
854 1896 1034 1960 enuntiatio
1057 1903 1248 1979 qrrautuurst

181 2005 240 2088 qui
261 2005 378 2069 uiuunt
400 2005 537 2071 additur.

288 2205 341 2267 Ad
365 2223 402 2267 ea
426 2205 572 2287 exempla
595 2211 723 2270 transeo
748 2205 806 2268 ubi
834 2207 1026 2270 adiectivo
1050 2205 1244 2269 vocabulum

185 2314 320 2378 alterurn
345 2313 473 2377 abunde
497 2313 636 2378 additur.
681 2311 792 2398 Atque
815 2314 865 2379 bis
888 2334 1006 2380 nomen
1031 2315 1070 2379 de
1090 2314 1246 2379 adiectivo

183 2423 312 2506 pendet.
359 2422 480 2487 Heaut.
528 2425 591 2487 295

340 2531 515 2597 tmmuuda
537 2534 662 2598 inluuie

182 2639 302 2709 Heaut.
327 2641 390 2704 652

341 2773 382 2815 ue
404 2774 515 2837 aupars
533 2754 642 2838 partis
665 2756 744 2816 assat
765 2752 802 2814 da
824 2752 944 2818 uostris
968 2752 1060 2816 bouis

184 2860 221 2923 In
245 2863 394 2945 exemplo
416 2866 523 2947 priore
546 2865 647 2947 Syrus
670 2861 817 2947 pluribus
833 2861 943 2926 verbis
961 2863 1145 2946 Antiphilae
1168 2885 1246 2947 pau-

183 2974 337 3053 pertatem
362 2971 524 3055 describit,
551 2975 584 3036 in
610 2974 708 3037 altero
732 2971 875 3034 Sostrata
899 2989 983 3053 quae
1004 2971 1132 3054 pietatis
1149 2994 1247 3039 causa

182 3077 267 3144 filiae
307 3081 441 3145 anulum
481 3084 568 3148 dedit
605 3082 712 3166 figura
751 3079 964 3162 etymologica
998 3099 1111 3167 expers
1143 3084 1248 3167 partis

183 3189 286 3253 utitur
310 3192 441 3275 utplus
466 3191 583 3254 babere
605 3192 776 3276 gravitatis
799 3192 957 3255 sententia
980 3193 1140 3255 videatur.

291 3299 441 3365 Formula
464 3321 546 3365 suus
568 3299 660 3386 sidt1)
686 3319 769 3385 quae
793 3301 878 3382 apud
903 3300 1053 3365 Plautum
1076 3302 1246 3367 duodecies

181 3412 345 3475 invenitur
368 3411 535 3476 Terentius
559 3412 659 3476 semel
683 3413 795 3474 utitur.
820 3410 911 3474 Adel.
937 3411 1001 3474 958

341 3521 408 3587 Suo
431 3521 491 3588 sibi
512 3522 620 3608 plauto
643 3523 731 3586 huuc
753 3520 876 3604 iuputo.

181 3629 506 3719 ExemplaPlautina
520 3638 597 3696 sunt
610 3633 665 3695 As.
676 3632 728 3712 71,
740 3633 816 3708 825,
827 3632 900 3695 Am.
915 3628 988 3710 269,
999 3629 1073 3713 Cap.
1088 3632 1117 3712 5,
1129 3631 1182 3712 50,
1194 3631 1245 3712 81,

182 3741 249 3804 Mil.
274 3740 348 3824 632,
374 3741 444 3807 Per.
463 3743 515 3822 81,
535 3741 633 3804 Poen.
653 3742 704 3822 57,
724 3741 774 3820 97,
795 3736 888 3819 1083,
912 3738 997 3802 Trin.
1018 3739 1089 3801 156.
1115 3740 1149 3803 Si
1168 3741 1246 3805 baec

182 3852 329 3935 exempla
351 3849 558 3915 tractabimus
591 3851 656 3914 sibi
678 3851 840 3914 interdurn
865 3869 906 3912 ex
931 3848 1027 3913 verbo
1051 3849 1190 3931 pendere
1214 3855 1247 3912 et
1301 3933 1305 3943 ¹

182 3976 392 3984 ——-.—.-‘—.-

291 4065 379 4134 rt-cf.
398 4064 523 4132 Ziemar‚
540 4065 716 4136 Junggram.
753 4063 919 4134 Straitziige
938 4080 966 4134 p.
988 4063 1048 4118 149.
1083 4061 1246 4133 Landgraf,

180 4157 268 4214 Arch.
293 4157 372 4216 VIII
390 4177 416 4224 p.
444 4161 480 4215 43
506 4173 549 4228 sq.
582 4156 632 4228 qui
662 4154 790 4227 plurima
821 4155 956 4227 exempla
984 4171 1020 4210 ex
1050 4153 1244 4224 scrIptoribus

181 4248 298 4303 Latinis
325 4248 485 4321 congessit.
508 4249 631 4310 Abbou,
654 4248 717 4302 The
748 4263 801 4301 nse
831 4247 861 4303 oi
891 4246 1064 4318 Repetition
1094 4244 1125 4298 in
1155 4244 1245 4298 Latin

181 4343 213 4394 to
231 4357 332 4396 secure
353 4341 513 4414 Empbasis
531 4359 559 4413 p.
580 4343 613 4396 70
632 4357 694 4411 sqq.
729 4340 831 4394 Kauer
849 4338 887 4393 ad
905 4337 988 4395 Adel.
1007 4339 1067 4393 958.
