3214 5062
778 499 953 560 ...38..-

335 675 453 740 locutio
476 672 525 740 rei
548 676 627 740 aare
641 697 769 759 operam
786 675 851 739 dno
868 674 1026 738 adieetim
1041 673 1150 756 aliquo
1167 671 1261 736 modo
1276 667 1398 736 definit.

334 784 488 860 Similiter
510 786 543 848 in
568 786 673 853 Adel„
687 784 816 850 eso-1
1065 853 1069 856 ,

1158 890 1225 937 mom
1248 869 1353 937 maias
1419 939 1422 943 ,

495 1002 596 1065 aeque
617 983 723 1048 imers:
759 981 819 1046 ata
840 979 924 1061 illas,
960 979 1046 1046 solas
1080 999 1204 1046 amnem
1235 978 1398 1062 familiam

358 1077 360 1080 ⁵
491 1096 653 1156 sustentat
906 1093 908 1097 ’

335 1197 440 1282 Hegio
465 1206 501 1262 ut
525 1199 623 1264 Getae
656 1179 761 1264 mores
796 1200 934 1284 explicet
967 1203 1137 1282 postquem
1172 1197 1301 1281 negavit
1324 1215 1398 1260 enm

337 1327 407 1373 esse
431 1310 551 1374 melum
588 1315 647 1374 eut
669 1310 804 1375 inertem
829 1311 964 1374 virtutes
998 1309 1115 1373 iterum
1139 1305 1398 1390 siguificat'oum

337 1419 463 1484 duabus
487 1417 705 1482 locutionibus
721 1420 799 1502 quid
823 1417 916 1482 faciet
936 1417 1113 1482 coufirmat.
1160 1415 1280 1480 Eodem
1305 1413 1398 1477 modo

337 1531 371 1592 in
395 1529 489 1593 Adel.
513 1526 578 1590 864

497 1637 644 1714 aemma,
678 1637 843 1722 placidas,
882 1637 968 1704 mulii
1005 1637 1129 1704 laedere
1166 1653 1223 1717 oss
1251 1633 1401 1701 adridere

656 1772 660 1778 ’
762 1747 908 1813 omnam

339 1858 403 1921 duo
426 1856 585 1920 adieetiva
608 1855 735 1921 dnobus
758 1857 837 1921 eolis
860 1859 1043 1921 accuratius
1066 1843 1283 1940 explicentur.¹

356 1971 358 1974 ’
446 1963 518 2029 Non
543 1957 657 2028 nature
680 1964 737 2027 sed
759 1965 858 2029 animi
880 1965 1015 2030 effeetus
1038 1985 1103 2028 non
1128 1971 1278 2029 constans
1302 1962 1401 2046 signi-

339 2074 456 2139 ficatur
478 2073 606 2138 duobus
629 2072 804 2151 adieetivis,
829 2076 920 2138 Adel.
946 2075 1008 2137 756

498 2183 643 2248 hilaram
665 2201 703 2248 ae
725 2183 881 2251 labentem
902 2185 1004 2268 farte
1024 2184 1119 2270 amati
1141 2183 1178 2249 im
1201 2181 1334 2264 nuptiis.

341 2290 451 2358 Verba
485 2293 616 2359 animas
650 2298 682 2356 et
717 2294 886 2379 imaemiam
914 2295 1080 2358 adieetivis
1110 2292 1240 2357 definita
1263 2291 1402 2355 hominis

343 2420 446 2466 mores
471 2402 525 2466 vel
548 2402 648 2466 animi
671 2403 867 2468 affectionem
892 2403 1063 2486 explicant,
1087 2401 1203 2470 Heaut.
1230 2404 1309 2482 122Ι
1389 2476 1393 2484 Α

500 2511 629 2578 damam
651 2518 794 2604 reuertar
818 2517 955 2578 maestas
978 2518 1074 2595 atque
1096 2511 1207 2579 amima
1228 2512 1296 2598 fere

496 2621 684 2703 perturbato
706 2627 800 2706 atque
822 2625 944 2688 incerto
961 2645 1044 2706 prae
1067 2622 1280 2707 aeqritadime.

342 2738 458 2804 Heant,
482 2739 547 2802 464

502 2847 531 2914 si
553 2854 582 2914 te
604 2849 758 2928 tamierri
781 2857 810 2916 et
832 2850 913 2916 vieto
936 2872 1000 2917 esse
1014 2850 1132 2916 amima
1155 2848 1338 2916 ostenderis.

342 2957 460 3028 Heaut.
487 2958 549 3021 912

504 3087 737 3149 quemquamne
752 3075 817 3134 tam
835 3049 917 3134 aemi
932 3069 1043 3136 amima
1057 3089 1123 3134 esse
1146 3073 1205 3134 aat
1222 3066 1287 3132 leni
1304 3070 1404 3150 emtas

343 3176 439 3243 Phor.
462 3176 526 3239 497
1251 3173 1255 3186 '

504 3285 606 3352 adeom
629 3287 760 3372 iaaerria
782 3308 846 3353 esse
869 3287 952 3353 dara
975 3292 1004 3352 te
1026 3292 1122 3368 atque
1146 3283 1346 3351 memorabili.

345 3396 386 3463 Et
400 3402 573 3479 sequentes
584 3395 682 3460 huius
692 3397 831 3480 exempli
840 3403 1039 3460 versustotos
1049 3395 1187 3460 scribam
1200 3393 1404 3478 utquomodo

345 3506 444 3571 verbe
450 3505 577 3570 lenonis
590 3505 694 3570 verbis
707 3506 881 3570 Phaedriae
892 3502 1288 3589 respondeantvideamus.
1314 3503 1405 3567 Veri-

346 3616 437 3680 smile
450 3615 745 3680 estalliterationem
761 3618 797 3680 in
808 3616 934 3679 lenonis
944 3633 1090 3678 sermone
1100 3615 1247 3680 consulto
1254 3614 1405 3678 adhiberi.

410 3765 411 3773 ¹
505 3751 542 3812 at
579 3767 682 3830 meque
720 3744 939 3812 misericordia
981 3765 1083 3827 meque
1119 3745 1265 3828 precibus
1299 3744 1406 3812 moliri

771 3854 885 3937 queas!

431 4051 434 4058 Ι
506 3966 608 4032 adeon
642 3972 671 4031 te
708 3985 773 4030 esse
806 3963 1032 4050 iaeoyitamtem
1071 3969 1167 4047 atque
1200 3964 1407 4047 impudentem

771 4073 840 4138 sime
863 4072 954 4138 mado

506 4190 544 4251 at
571 4182 751 4266 phaleratis
784 4184 884 4249 daeas
913 4183 1006 4248 dietis
1037 4202 1086 4248 me
1120 4189 1148 4248 et
1176 4204 1277 4251 meam
1300 4184 1408 4250 daetes

769 4293 902 4378 aratiis!
