3214 5062
800 450 954 512 ...8-

347 633 404 696 ubi
438 631 571 695 fortasse
603 627 708 711 mapa
742 628 872 691 additur
900 626 1090 690 auctoritato
1118 632 1407 712 comparativorum

347 761 430 826 quae
454 747 530 804 sant
551 741 585 802 in
609 735 756 802 versibus
779 736 999 820 sequentibus.

455 849 586 934 Semper
635 867 709 910 oum
763 846 860 910 verbo
910 843 1149 929 frequentativo
1199 851 1409 934 coniungitur

349 961 443 1025 Phor.
469 960 532 1022 743

973 1063 1073 1148 qaid?
1096 1083 1163 1127 aee
1186 1065 1311 1133 obaeere
1333 1089 1366 1133 ea

441 1228 443 1235 .
504 1197 599 1261 quem
621 1195 746 1260 semper
768 1180 797 1240 te
819 1196 886 1240 ease
907 1170 1113 1257 declimate)

347 1286 412 1352 Hie
434 1285 570 1350 verbum
604 1289 782 1368 utrumque
816 1288 881 1346 vim
914 1284 1073 1367 propriam
1114 1285 1231 1348 retinet
1254 1273 1326 1349 oum
1351 1284 1407 1351 So·

348 1397 469 1479 phrona
492 1394 644 1459 adverbio
667 1415 791 1479 semper
813 1392 983 1458 Chremem
1001 1411 1035 1457 ee
1056 1392 1095 1455 ab
1116 1395 1203 1456 omni
1226 1391 1411 1477 tempore‚²)

349 1503 447 1568 verbo
472 1503 708 1588 frequentativo
731 1525 765 1569 se
788 1523 882 1588 saepo
905 1503 1081 1585 Stilponem
1105 1504 1323 1568 nominavisso
1348 1505 1411 1588 aig-

348 1610 494 1699 nificat.³)

454 1723 605 1786 Formula
631 1723 730 1786 eooete'
756 1721 933 1786 necessario
955 1723 1095 1805 primum
1121 1722 1207 1806 apud
1228 1721 1411 1787 Terentium

348 1830 540 1917 invenitur4)
566 1833 652 1898 And.
677 1833 740 1897 632

508 1948 577 2010 tam
598 1941 697 2006 eoaete'
718 1941 895 2004 eeeeasare'o
918 1961 950 2004 ae
973 1941 1137 2025 aperiant.

351 2051 522 2135 Landgraf,
539 2057 608 2116 Aet.
623 2051 753 2131 ltrlaag.
772 2049 805 2112 ΙΙ
822 2070 852 2133 p.
871 2051 911 2112 61
930 2070 964 2131 sq
975 2099 982 2114 .
995 2052 1188 2115 locutionem
1204 2072 1278 2114 eam
1291 2052 1412 2116 Graeca

349 2161 452 2245 figura
475 2162 685 2246 etymologica
706 2157 766 2248 βιᾴ
783 2157 946 2243 βιάζεται,
962 2157 1039 2242 paee*
1060 2157 1137 2245 βίας
1150 2156 1308 2245 βιασθείς
1327 2181 1413 2224 oom-

348 2276 449 2354 parat.
504 2269 569 2336 Sed
586 2271 672 2356 quod
687 2269 824 2334 formula
840 2271 926 2353 apud
944 2269 1111 2335 Gaesarem
1128 2273 1303 2352 invenitur,
1321 2271 1358 2338 B.
1376 2270 1409 2336 Ο.

350 2380 434 2460 140,
462 2380 513 2446 111
543 2383 595 2464 49,
625 2382 675 2463 78,
705 2381 823 2444 indicio
854 2393 902 2444 est
929 2400 1038 2465 neque
1067 2387 1200 2446 ornatus
1229 2402 1326 2446 causa
1357 2403 1414 2446 ne·

350 2510 412 2574 que
450 2493 607 2556 sermonis
641 2491 785 2573 vulgaris
819 2493 998 2555 imitatione
1033 2490 1217 2559 Terentium
1254 2493 1414 2555 locutione

349 2602 405 2664 oti.
452 2601 558 2665 Verbo
581 2601 650 2684 eope'
683 2601 764 2664 solet
788 2601 959 2698 ‘ablativus
994 2601 1068 2663 addi
1103 2607 1137 2664 ut
1172 2602 1251 2684 quid
1275 2602 1414 2684 aliquem

350 2715 440 2794 cogat
473 2711 684 2792 significatur.
743 2709 783 2776 ol.
813 2711 897 2776 And.
912 2769 915 2776 ,
929 2710 967 2772 71
999 2709 1112 2792 inopie
1147 2717 1175 2774 et
1208 2716 1415 2794 oepaeoloram

350 2820 541 2905 neelepeatie
579 2826 692 2886 eoeete.
751 2839 779 2884 v.
810 2818 873 2882 275
907 2823 1052 2884 eoeetaaa
1087 2820 1224 2902 epeatete.
1282 2841 1312 2888 v,
1350 2821 1414 2884 658

349 2937 475 2995 eoaelae
501 2936 558 2995 tae
580 2931 741 2996 volentate
764 2950 805 2993 ea.
842 2950 871 2993 v.
893 2931 955 2994 780
986 2936 1111 2994 coaetus
1134 2931 1264 3016 lepidae.
1291 2931 1351 2994 Ad.
1373 2931 1415 2994 69

351 3041 435 3103 areale
458 3045 594 3109 eeoetaa.
641 3041 722 3105 (lum
747 3045 855 3104 autem
880 3060 945 3103 non
976 3045 1063 3104 certa
1087 3041 1245 3124 quaedam
1279 3059 1417 3124 persona

351 3168 442 3214 resve
479 3169 560 3233 qaae
584 3156 674 3233 cogat
697 3150 868 3231 indicatur,
892 3170 958 3213 vox
994 3169 1078 3231 quae
1112 3152 1217 3234 aliqua
1252 3171 1293 3215 ex
1327 3161 1416 3234 parte

351 3297 564 3307 ———--

458 3392 484 3462 1)
503 3389 618 3444 Hauler
646 3386 822 3443 adversum
848 3386 957 3443 similia
976 3389 1112 3461 exempla
1128 3388 1269 3447 Plautina
1288 3397 1318 3446 et
1337 3392 1417 3448 Oioe-

351 3483 477 3540 roniana
495 3481 590 3541 affert,
612 3497 671 3535 non
689 3484 790 3535 autem
810 3479 901 3535 habet
919 3481 1043 3536 clamitat
1057 3481 1089 3535 in
1107 3481 1159 3536 Cio
1181 3480 1283 3546 Quinc.
1304 3487 1337 3538 18
1356 3483 1416 3538 vim

351 3576 523 3631 iterativam
534 3572 586 3628 sed
598 3570 750 3642 signifieat
763 3591 811 3642 erp
821 3572 916 3642 elaad,
936 3572 1014 3628 idem
1024 3579 1115 3646 atque
1127 3572 1157 3626 in
1172 3573 1254 3634 Gaea,
1268 3575 1301 3630 B.
1317 3575 1388 3636 (Π
1402 3578 1416 3631 7

352 3685 436 3740 saepe
455 3667 604 3724 clamitans
623 3664 741 3720 liberam
760 3682 788 3721 ae
807 3707 814 3722 .
833 3683 920 3726 ‚ease

456 3779 483 3848 2)
503 3777 547 3832 cf.
579 3777 773 3838 Thielmann.·
803 3778 893 3834 Areh.
921 3777 948 3833 V
970 3778 1022 3832 442
1051 3783 1081 3832 et
1113 3775 1250 3847 exempla
1277 3776 1418 3834 Plautina

351 3869 437 3926 huius
456 3867 684 3940 s÷gnifieaaionis
703 3869 804 3930 allata.

457 3981 485 4049 3)
513 3979 624 4035 Eodem
666 3980 752 4036 modo
781 3981 812 4035 in
843 3981 904 4037 (lie.
933 3980 1022 4038 Roeo.
1059 3981 1125 4036 Am.
1153 3983 1169 4051 ξ
1199 3983 1232 4036 l'al
1265 3999 1325 4037 eam
1353 3984 1417 4038 rari

352 4074 490 4129 adsiduas
508 4090 613 4141 semper
631 4074 730 4128 alaerit
745 4073 860 4128 nullum
877 4073 1080 4142 pleonasmum
1102 4073 1133 4127 in
1164 4073 1262 4128 verbis
1281 4076 1418 4130 adsiduae

354 4171 384 4220 et
400 4183 507 4239 aeanper
524 4165 623 4219 inesse
641 4169 748 4218 notant
766 4164 855 4218 Halm
875 4171 905 4218 et
924 4164 1078 4233 Landgraf
1095 4164 1133 4220 ad
1152 4165 1254 4220 locum.

457 4279 485 4346 4)
506 4276 550 4332 ci.
571 4273 712 4334 Koahler‚
733 4275 800 4329 Aea.
819 4275 939 4346 Erlang.
958 4274 981 4332 Ι.
1001 4293 1028 4347 p.
1047 4276 1107 4337 447,
