3214 5062
806 483 980 545 ,ιο-

366 661 525 726 notionem
550 657 702 722 audiendi
727 666 860 744 usurpet
883 661 938 725 sed
963 658 1115 724 etiamad
1147 661 1286 744 reliquos
1313 680 1427 726 sensus

366 774 495 852 spectet.
541 769 591 833 Im
615 769 732 835 Heaut.
750 769 881 833 563-4
905 790 968 834 vox
991 769 1076 834 hisce
1098 770 1199 834 oculte
1221 770 1315 853 plane
1337 772 1427 836 addi-

366 885 418 943 tur
454 884 490 943 ut
513 881 578 942 vim
603 881 781 944 sententiae
816 887 942 962 augeat.
999 879 1154 944 Similiter
1185 881 1217 942 in
1241 876 1337 945 Adel.
1363 883 1426 946 329

366 987 447 1053 Gelu
470 987 578 1053 verbis
604 988 689 1053 hisce
716 989 817 1054 oculis
847 994 965 1073 epomet
1000 989 1093 1054 docet
1127 1009 1161 1053 se
1196 992 1328 1054 omnino
1362 1011 1426 1056 uon

367 1097 513 1162 dubitare
559 1100 640 1182 quin
680 1099 860 1185 Aeschinus
898 1098 1023 1164 alienus
1060 1101 1101 1163 sit
1139 1120 1157 1163 a
1203 1099 1332 1165 familia.
1388 1101 1427 1164 Iu

366 1206 516 1271 omnibus
554 1209 710 1292 exemplis
755 1210 901 1274 videmus
938 1227 1056 1273 nomen
1094 1209 1195 1273 oeulis
1239 1211 1428 1293 pronomine

365 1317 548 1400 possessivo
572 1323 627 1382 aut
651 1319 903 1383 demonstrativo
932 1320 1116 1383 accuratius
1139 1319 1302 1402 designari
1337 1326 1373 1384 ut
1397 1327 1428 1385 et

365 1425 462 1492 verbo
487 1433 517 1491 et
540 1427 684 1492 subiecto
707 1430 772 1492 vim
797 1428 916 1493 atterat.
1086 1505 1090 1512 ¹
1264 1443 1266 1446 ’

472 1537 547 1602 Vox
570 1558 644 1602 cum
667 1537 779 1602 auimo
802 1539 941 1603 adicitur
956 1537 1054 1603 verbo
1071 1539 1230 1620 cogitandi
1253 1538 1347 1603 Adel.
1363 1539 1426 1605 500

521 1647 583 1730 sed,
610 1647 736 1730 Demea,
759 1649 816 1713 lece
839 1652 874 1711 tu
896 1646 993 1730 facito
1017 1669 1091 1712 cam
1114 1649 1226 1712 animo
1249 1649 1375 1733 cepides:

364 1755 662 1822 circumlocutione
684 1758 782 1843 facito
805 1758 927 1841 capitas,
952 1775 1030 1820 voce
1053 1777 1128 1820 eum
1151 1755 1272 1838 anieno,
1297 1761 1427 1823 nomine

366 1864 495 1948 Demea,
517 1870 706 1950 pronomine
729 1873 765 1932 tu
788 1867 906 1932 additis
937 1867 1077 1930 ostendit
1099 1865 1204 1949 Hegio
1233 1873 1428 1954 quantopere

366 1975 479 2039 fratrea
502 1977 537 2037 in
560 1979 654 2042 amici
676 1978 776 2041 filiam
800 1996 918 2060 aequos
934 1995 967 2040 se
983 1965 1136 2059 praebere
1152 1981 1267 2060 cupiat.
1306 1977 1427 2042 Eodem

366 2087 399 2147 in
430 2084 577 2150 versibus
601 2086 675 2167 502,
699 2081 764 2148 503
799 2088 1030 2152 adiectivorum
1061 2086 1236 2151 cumulatio
1269 2089 1427 2172 repetitio-

367 2215 430 2279 que
453 2197 542 2259 vocis
564 2216 688 2279 aequus
710 2195 804 2262 valet.
851 2195 986 2259 Plautus
1004 2194 1098 2260 Most.
1121 2195 1184 2260 702
1208 2196 1318 2260 eadem
1343 2198 1428 2260 locu-

365 2307 452 2369 tione
485 2307 588 2368 utitur
617 2306 673 2369 ubi
707 2307 796 2369 ethos
824 2306 891 2368 vim
925 2304 1121 2388 singularem
1145 2306 1328 2371 desiderare
1363 2325 1427 2370 non

368 2414 540 2501 videtuml)
569 2436 666 2498 quam
694 2415 796 2499 caepis
825 2414 923 2498 eopito
946 2434 1019 2480 eum
1046 2435 1112 2481 meo
1137 2415 1258 2482 auimo.
1304 2415 1343 2479 In
1368 2417 1427 2480 hoo

367 2544 459 2590 versu
475 2524 615 2589 Plautus
638 2543 815 2608 pronomen
832 2525 1053 2608 possessivum
1070 2526 1194 2589 nomini
1210 2527 1323 2590 nutura
1338 2528 1428 2590 addit

244 2667 246 2674 ·
367 2635 476 2699 codem
501 2635 596 2698 modo
620 2654 657 2698 ac
681 2633 758 2699 Cato
781 2639 813 2698 et
836 2633 947 2697 Cicero
970 2634 1050 2699 locis
1073 2635 1293 2719 sequentibus.
1351 2635 1427 2700 Cato

365 2746 449 2828 apud
467 2745 548 2812 Gall.
566 2743 648 2808 XVl
677 2746 704 2827 1,
726 2744 748 2806 4
771 2744 901 2828 capitale
923 2743 1135 2809 numantinis
1151 2746 1274 2810 veniris,
1299 2746 1364 2811 Cio.
1389 2748 1427 2811 de

364 2856 384 2918 l.
410 2875 474 2937 agr.
496 2854 530 2919 Il
549 2855 600 2935 24,
618 2852 660 2916 64
681 2859 858 2917 aestumare
880 2854 917 2917 a'd
930 2853 1062 2936 potestis
1076 2875 1151 2920 cum
1165 2855 1289 2919 ouirue's
1312 2856 1428 2919 uestris

365 2963 509 3046 copulare.
558 2963 729 3029 Simillima
757 2969 806 3027 est
829 2964 948 3027 locutio
979 2963 1179 3027 considerare
1209 2986 1283 3029 cum
1317 2967 1429 3030 auimo

367 3093 431 3154 qua
454 3072 563 3136 Cicero
593 3076 691 3138 utitur
723 3073 819 3137 Verr.
845 3071 897 3136 ΙΙΙ
926 3073 968 3136 20
1001 3073 1195 3138 considerate
1215 3096 1290 3140 cunc
1317 3076 1429 3140 nestris

366 3181 489 3246 areimis
523 3189 642 3247 vosmet
670 3181 747 3266 ipsi.
801 3182 948 3267 Utroque
970 3183 1004 3245 in
1040 3185 1187 3268 exemplo
1222 3183 1428 3249 Ciceroniana

365 3295 554 3376 pronomine
577 3294 759 3376 possessivo
783 3294 905 3357 adiecto
937 3293 1147 3377 subiectaque
1176 3313 1328 3377 expresso
1359 3313 1428 3358 sen·

367 3402 484 3464 tentiae
500 3405 641 3483 gravitas
655 3407 801 3485 angetur.
826 3401 1018 3486 Comparare
1030 3423 1202 3488 possumus
1215 3403 1264 3468 Pl.
1278 3405 1352 3468 Aul.
1365 3405 1426 3468 715

366 3531 446 3574 cuae·
462 3510 574 3576 auimo
596 3511 797 3597 iuomlipare.
844 3511 1004 3577 Omnibus
1032 3513 1083 3577 hia
1106 3513 1184 3577 locis
1207 3533 1282 3577 eam
1305 3513 1427 3594 auimo,
1498 3597 1503 3602 ι

367 3641 442 3684 cum
464 3621 587 3685 animis
610 3622 741 3685 ablativi
763 3623 1016 3686 instrumentalis
1051 3629 1157 3707 partes
1180 3622 1344 3706 suscipere
1379 3625 1429 3685 vi·

368 3732 471 3795 detur.
541 3730 695 3796 Similiter
740 3734 826 3797 valet
871 3731 1030 3796 ablativus
1079 3732 1150 3795 sine
1194 3734 1429 3816 praepositione

368 3842 505 3924 scriptus
533 3840 598 3906 Cic.
624 3843 707 3920 Fam.
730 3842 823 3926 lua
847 3833 982 3926 capilum
998 3844 1058 3905 loto
1077 3840 1198 3908 aalma.
1232 3840 1428 3905 Tusc.1124

368 3955 430 4014 tolo
448 3956 581 4034 pectore,
605 3958 642 4017 ul
664 3953 793 4034 didiae,
828 3951 973 4034 capitose.
1031 3950 1104 4013 Alia
1138 3970 1208 4014 esse
1240 3951 1358 4014 locutio
1392 3950 1430 4014 iu

367 4059 479 4124 auimo
501 4060 636 4143 copilore
663 4063 791 4127 videtur
815 4081 899 4146 quae
923 4060 1013 4123 Adel.
1039 4059 1079 4122 30
1105 4064 1135 4122 et
1159 4061 1224 4123 818
1246 4061 1427 4144 invenitur5

367 4207 579 4216 ——-—--—-—

474 4320 500 4390 l)
519 4318 563 4376 Of.
581 4316 696 4374 Lorenz
715 4315 752 4370 ad
771 4333 895 4374 versum
