3214 5062
667 471 896 542 -39--Ι

269 721 272 728 ,
332 643 491 728 Persespo
524 645 685 710 looutione
713 646 861 729 prudens
895 647 999 713 sciens
1032 645 1088 708 alii
1105 647 1289 730 scriptores
1366 662 1369 668 ·

225 749 331 816 Latini
355 750 529 836 utuntur,1)
551 758 587 816 ut
609 753 778 818 Terentius
801 753 886 818 Eun.
913 753 1020 816 72-3

819 869 849 929 et
865 863 1014 946 prudens
1036 863 1139 929 seiens

383 950 473 1016 oinos
496 951 672 1035 vidensque
688 973 797 1035 pereo.

164 1100 167 1106 ·
225 1056 373 1124 Donatus
408 1060 449 1123 ed
473 1080 603 1126 versum
638 1062 770 1126 adnotat
802 1062 974 1126 discrimen
1003 1079 1073 1124 esse
1102 1062 1186 1126 inter
1206 1084 1290 1146 pru·

225 1168 303 1235 dens
340 1179 372 1263 et
409 1169 528 1236 eniens:
552 1171 712 1254 ‘gerudens'
748 1173 855 1254 inquit
889 1172 947 1234 ‘est
981 1171 1037 1253 qui
1071 1170 1290 1254 intellegentia

225 1297 285 1366 sua
313 1277 436 1362 aliquid
459 1281 564 1362 sentit,
597 1281 702 1347 onnus
737 1283 793 1364 qui
817 1279 953 1345 alieuius
980 1279 1100 1343 indicio
1123 1299 1192 1344 rem
1216 1299 1289 1365 oog·

224 1384 350 1468 noscit!
396 1386 461 1454 Sed
482 1387 654 1454 Terentius
690 1390 824 1454 verbum
860 1389 994 1474 alterum
1024 1386 1112 1453 addit
1135 1409 1200 1454 non
1221 1397 1289 1474 tem

224 1502 261 1558 ut
276 1515 395 1560 novam
409 1496 677 1578 significationem
695 1520 793 1584 quam
811 1508 846 1563 ut
856 1499 1009 1562 maiorem
1025 1500 1092 1587 vim
1109 1500 1289 1566 sententiae

224 1605 356 1677 tribuet.
401 1606 493 1670 Haeo
525 1607 625 1672 verbe
659 1629 742 1693 ques
776 1628 871 1692 saepe
897 1609 1141 1691 coniunguntur
1164 1615 1195 1700 ot
1218 1628 1289 1673 esso

219 1717 517 1807 jureconsultorum
553 1720 682 1801 propria
714 1725 745 1782 et
779 1719 908 1782 venisse
942 1719 977 1781 in
1011 1717 1171 1801 proverbii
1215 1737 1289 1781 oon·

226 1826 431 1892 suetudinem
455 1827 576 1902 iudicat
598 1825 768 1910 Landgraf,
797 1826 919 1891 Bienor
949 1827 969 1894 f.
994 1828 1024 1893 d.
1049 1825 1147 1910 Beyr.
1172 1825 1209 1891 G.
1235 1825 1287 1890 W.

229 1937 323 2012 1880,
353 1957 384 2021 p.
410 1932 511 2022 318²)
545 1934 665 2001 Eadem
700 1937 858 2000 adieetive
891 1945 964 2000 orr'm
992 1937 1228 2021 praepositione
1252 1936 1288 2001 in

226 2047 401 2128 composita
424 2027 667 2128 coniunguntur
689 2031 807 2113 Heaut.
833 2047 897 2110 633

384 2160 414 2221 te
446 2143 645 2220 inscientiam¹
664 2162 694 2223 et
725 2157 954 2240 inpensionem
985 2156 1089 2221 dicere
1122 2161 1151 2223 et
1181 2158 1290 2238 iuuere
1409 2215 1412 2220 .

652 2286 771 2332 omnen.

227 2372 306 2439 Oum
332 2371 415 2437 Eun.
442 2374 482 2436 72
506 2380 690 2458 comparare
719 2393 892 2458 possumus
927 2381 1038 2457 poetae
1069 2369 1184 2456 tragici
1212 2374 1288 2456 (ine.

229 2483 292 2545 145
314 2481 366 2565 R.)
384 2483 481 2548 verba
504 2482 692 2548 aOioerone
715 2503 785 2568 epp.
802 2482 850 2546 VI
874 2483 938 2560 6,ss
964 2477 1289 2567 usurpeta‘prudens

226 2599 256 2658 et
288 2593 391 2658 sciens
413 2593 456 2659 ud
472 2599 593 2676 pestem
614 2597 690 2659 onte
724 2593 829 2659 oeulos
846 2593 998 2677 positum'
1022 2615 1093 2659 suna
1111 2593 1288 2677 profectus,

226 2702 282 2766 nbi
310 2699 388 2765 non
405 2701 510 2767 solnm
532 2703 678 2786 prudens
710 2713 743 2767 et
765 2703 867 2769 sciens
889 2706 1073 2786 iunguntur
1098 2701 1163 2771 ,sed
1192 2703 1286 2765 etiam

226 2812 382 2876 vocabula
431 2819 505 2880 unte
549 2815 654 2879 oculos
693 2814 831 2897 positum
858 2813 969 2876 eodem
1002 2813 1098 2874 modo
1130 2829 1167 2873 ae
1201 2811 1289 2876 vivos

225 2923 399 3004 vidensque
421 2923 505 3014 apud
528 2921 710 2986 Terentium
736 2923 801 2984 vim
824 2924 1002 2985 sententiae
1017 2927 1146 3003 augent.
1181 2918 1289 2983 Verba
1376 2909 1378 2912 ’

225 3032 313 3098 uiuos
346 3030 529 3113 vidensque,
563 3033 596 3094 in
633 3029 751 3115 quibus
783 3031 952 3096 alliteretio
988 3030 1127 3093 notanda
1161 3036 1218 3102 est,
1253 3031 1288 3090 in

226 3158 405 3203 sermonem
432 3136 659 3223 cotidianum³)
682 3141 795 3205 eadere
817 3142 938 3204 indicat
972 3138 1036 3202 Cio.
1065 3159 1095 3222 p.
1121 3137 1202 3202 Sest.
1234 3138 1287 3220 27,

225 3247 269 3313 59
300 3249 405 3324 uiuus,
442 3254 481 3314 ut
509 3248 615 3325 aiunt,
654 3256 699 3316 est
727 3256 756 3316 et
777 3251 898 3333 ridens,
916 3249 954 3313 oi.
970 3270 1000 3332 p.
1019 3247 1149 3324 Quinot.
1166 3249 1217 3328 15,
1235 3249 1287 3311 50.

227 3359 396 3424 Lucretius
422 3358 521 3421 verba
549 3361 716 3442 coniungit
737 3359 787 3424 ΙΙΙ
813 3360 907 3440 1046,’
930 3357 961 3423 V
987 3359 1060 3424 993.

331 3470 500 3532 Adiectiva
533 3468 621 3534 uiuos
655 3479 686 3532 et
720 3470 823 3537 solvor
861 3469 1061 3552 copulantur,
1089 3483 1288 3549 quamquem

225 3578 330 3645 salvos
353 3579 517 3642 notionem
541 3578 674 3642 vivendi
698 3580 849 3660 continet,
871 3578 950 3644 Heu.
975 3577 1041 3639 464
1141 3631 1144 3636 .

385 3707 463 3753 nom
485 3687 579 3753 illurn
601 3687 706 3755 vivom
728 3694 759 3754 et
780 3689 900 3754 saluom
922 3687 1033 3752 uellem

333 3927 358 3988 1)
376 3923 509 3979 Plurima
527 3923 665 3994 exempla
680 3919 768 3978 effert
785 3921 895 3978 Prouss
913 3921 933 3983 l.
951 3939 976 3978 o.
994 3938 1021 3993 p.
1044 3920 1103 3979 105.

331 4017 358 4085 2)
379 4013 533 4083 Landgraf
557 4015 588 4070 in
615 4013 811 4070 annotatione
838 4013 876 4067 ed
895 4013 955 4070 Cin.
982 4013 1070 4068 Roso.
1097 4013 1162 4070 Am.
1181 4011 1224 4075 20,
1251 4011 1287 4065 55

226 4105 286 4161 elie
304 4107 439 4177 example
457 4103 558 4177 aflert3
577 4105 612 4160 oi.
632 4106 712 4180 Otto,
733 4105 949 4177 Spriohwdrter
967 4103 995 4163 d.
1007 4103 1123 4167 Rdmer,
1140 4119 1169 4172 p.
1189 4101 1251 4161 312,

331 4199 358 4265 3)
377 4197 420 4258 Oi,
437 4195 598 4268 Landgraf,
625 4196 661 4253 de
681 4196 833 4253 Ciceronis
860 4195 1027 4251 elocutione
1049 4193 1081 4248 in
1100 4191 1286 4249 orationibus

225 4293 278 4360 pro
299 4289 329 4344 P.
341 4287 483 4355 Quinctio
493 4293 525 4342 et
534 4305 588 4358 pro
596 4287 662 4344 Sex
672 4289 759 4344 Ruso.
778 4286 919 4343 Amerino
930 4303 957 4357 p.
977 4289 1018 4341 18.
1038 4284 1110 4340 Otto
1123 4284 1143 4342 1.
1152 4301 1176 4340 o.
1187 4283 1289 4356 ptri.
