3214 5062
798 467 975 529 ..12-

352 641 427 706 dum
452 645 501 706 sit.
543 645 640 706 Aliud
665 648 770 707 autem
793 643 911 710 Heaut.
938 645 979 707 93
1001 643 1113 727 filiurn
1128 643 1416 723 adulescentulum,

352 751 469 816 Heaut.
495 753 557 816 602
581 754 689 838 dllarn
712 753 992 836 adulescentulam,
1010 753 1105 820 Phor.
1124 754 1188 817 794
1205 757 1237 816 et
1252 751 1333 820 Heo.
1352 751 1414 814 661

351 861 535 925 adulescens
568 863 695 944 muller,
731 863 786 926 ubi
822 883 914 926 suum
945 865 1011 926 vim
1043 863 1206 947 propriam
1242 866 1416 942 utrumque

354 970 488 1034 verbum
511 971 635 1036 retinet.
681 972 744 1036 Sed
768 974 880 1036 eodem
898 973 991 1037 modo
1011 981 1109 1056 atque
1122 973 1219 1037 nomo
1234 970 1417 1034 adulescens

352 1079 504 1144 scribitur
528 1079 620 1146 Adel.
656 1083 720 1145 449
744 1083 838 1148 lamo
860 1083 996 1156 amicus,
1021 1081 1139 1150 Heaut.
1166 1083 1228 1146 567
1253 1079 1415 1146 nerninem

351 1190 503 1271 analeum,
528 1191 624 1259 Phor.
659 1192 722 1255 562
746 1191 839 1258 homo
862 1194 966 1258 arndeo
988 1191 1124 1272 amicus,
1150 1192 1242 1259 Adel.
1268 1189 1332 1253 563
1356 1189 1413 1253 leo·

352 1300 474 1364 minem
496 1323 613 1383 seneen,
638 1303 734 1369 Phor.
759 1302 971 1366 uersurum
1000 1302 1173 1367 lornlncn.
1213 1301 1284 1365 Non
1309 1301 1415 1364 solum

350 1409 444 1474 155550
469 1411 633 1475 vocabulis
657 1411 846 1496 masculinis
869 1409 924 1474 sed
945 1411 1064 1477 muller
1088 1409 1254 1476 femininis
1270 1410 1416 1473 adicitur.

353 1519 472 1584 Heaut.
499 1521 572 1602 521,
605 1517 873 1598 *Annaeo-61)
904 1520 1024 1584 anuller
1053 1521 1204 1585 meretrix
1231 1521 1325 1584 Phor.
1344 1519 1416 1595 794,

350 1627 429 1692 Η55.
456 1627 517 1690 661
543 1633 729 1696 adulescens
752 1629 878 1711 anuller,
901 1629 1021 1696 Heaut.
1047 1631 1110 1694 953
1133 1631 1251 1695 uiduae
1273 1629 1416 1694 rnullerl.

351 1737 391 1800 ln
426 1737 509 1802 Eun.
547 1740 610 1804 357
646 1739 787 1805 Chaerea
816 1758 850 1802 se
877 1741 1066 1803 eunuchum
1091 1741 1253 1825 despicere
1276 1739 1416 1804 ostendit

352 1867 426 1911 eum
449 1853 524 1912 ’5οι0
548 1869 655 1916 senem
679 1852 847 1916 nndlerern
871 1850 1026 1914 nominat.
1074 1849 1119 1916 Of.
1145 1850 1192 1917 Pl.
1213 1851 1310 1917 Poen.
1331 1849 1411 1911 1311

353 1956 407 2019 ubi
432 1959 523 2021 miles
547 1979 643 2024 suum
667 1979 769 2044 genus
787 1959 893 2023 verbis
910 1979 1018 2025 alares
1033 1959 1179 2024 domines
1195 1961 1315 2024 laudat.
1354 1959 1416 2022 His

351 2065 500 2130 formulis
525 2067 674 2132 omnibus
698 2071 813 2134 eomiei
835 2081 930 2152 saepe
953 2074 1100 2133 utuntur.
1148 2070 1243 2154 Apud
1260 2069 1413 2132 Plautum

352 2176 445 2240 cuius
470 2196 549 2242 usus
573 2181 704 2242 omnino
728 2181 802 2242 usui
824 2179 953 2244 Terenti
975 2181 1148 2264 respondet
1173 2181 1251 2243 haee
1268 2179 1415 2263 exempla

352 2291 490 2353 exstant.
537 2287 611 2353 Bao.
629 2289 682 2366 88,
697 2287 782 2352 Trin.
802 2290 860 2352 131
879 2289 973 2352 lanto
987 2289 1254 2366 adulescentulus,
1272 2289 1345 2352 Bae.
1362 2289 1415 2371 65,

353 2395 471 2460 Pseud.
496 2398 562 2459 434
585 2397 678 2462 horno
700 2398 895 2464 adulescens
944 2400 1018 2464 Bae.
1043 2400 1118 2481 386,
1138 2398 1322 2482 irenen.
1341 2401 1414 2480 332,

352 2505 411 2589 up.
437 2507 511 2586 425,
548 2506 620 2571 Per.
648 2509 722 2589 265,
758 2511 832 2592 595,
855 2508 947 2572 True.
972 2509 1036 2571 924
1059 2509 1152 2573 loma
1174 2508 1309 2573 anricus.
1359 2513 1416 2572 As.

353 2615 426 2691 470,
456 2615 515 2699 up.
544 2615 595 2696 60,
619 2618 693 2696 328,
719 2616 786 2681 Mil.
812 2617 885 2698 563,
908 2615 1005 2679 Stich.
1031 2618 1083 2697 58,
1107 2617 1182 2698 442,
1217 2618 1280 2680 692
1305 2638 1412 2682 seruos

352 2725 453 2790 horno.
516 2725 612 2789 Stich.
651 2727 715 2788 446
753 2729 847 2792 laneo
883 2725 1033 2790 seruulus.
1100 2725 1185 2792 Men.
1222 2727 1296 2809 261,
1338 2729 1413 2810 335,

353 2835 431 2902 Mer.
456 2836 525 2912 685
543 2833 695 2900 eneretre'u
718 2836 846 2900 rnrdlcn

461 2943 611 3007 Formula
645 2965 737 3008 55550
771 2946 864 3010 larun
898 2945 1073 3030 quinquies
1108 2946 1194 3028 apud
1230 2945 1414 3012 Terentium

352 3053 525 3118 invenitur.
572 3039 657 3119 Eun.
684 3055 747 3118 549

511 3183 602 3229 nune
623 3165 697 3240 auls
719 3164 795 3228 5555
818 3185 869 3227 rne
890 3164 1060 3247 sequitur?
1084 3186 1177 3230 nuno
1200 3166 1331 3230 nomast.

355 3271 437 3336 Eun.
463 3274 546 3336 1982

511 3384 626 3468 accipit
639 3385 731 3448 domo
747 3404 838 3448 55555
851 3384 967 3447 mellus
975 3405 1113 3468 prorsus
1125 3405 1225 3467 neque
1235 3384 1409 3467 prollulus.

354 3491 450 3559 Phor.
476 3492 537 3554 591

513 3623 565 3686 epo
589 3603 752 3668 nerninem
774 3604 970 3668 callidiorem
993 3605 1063 3669 aldi
1084 3603 1248 3668 neminem

354 3737 567 3746 ---

462 3851 487 3915 1)
510 3851 637 3908 Versum
650 3857 820 3922 corruptum
838 3851 869 3906 in
886 3851 1045 3914 eodieibue,
1059 3850 1203 3909 nerelrln!
1223 3853 1267 3906 Ae
1278 3851 1415 3906 Andriast

355 3940 459 3996 ancilla
476 3942 549 4013 daea,
572 3947 708 4010 quantun
737 3943 859 4013 lnlellepo
877 3939 1004 4015 Spengel
1034 3943 1124 3998 verbo
1154 3945 1283 3998 ueretris
1305 3942 1413 3997 omisso

355 4033 485 4105 corrigit.
526 4034 650 4090 Reetius
669 4034 721 4090 alii
739 4035 867 4091 editores
885 4035 1008 4090 verbum
1027 4035 1134 4090 ancilla
1156 4041 1329 4104 expungunt
1348 4051 1415 4090 eum

354 4127 621 4182 demonstrativum
648 4124 714 4182 laec
742 4127 816 4181 satis
845 4127 923 4181 clare
950 4127 1062 4198 myses,
1088 4142 1162 4197 quae
1181 4126 1211 4180 in
1232 4143 1341 4181 scaena
1359 4131 1413 4190 est,

355 4218 500 4288 designet.
536 4219 636 4274 Duvoe
656 4226 755 4276 autem
773 4222 903 4276 ueretris
921 4215 1415 4292 5661605050501555055001155

355 4312 523 4370 nominetur
541 4309 664 4367 dubitet.
