3214 5062
808 507 962 568 ..2-

358 684 401 746 mi
427 683 529 746 multa
558 683 705 765 exempla
731 688 804 766 post
831 683 910 748 alios
934 688 1194 747 monstraverunt
1215 685 1249 746 in
1274 702 1421 747 sermone

359 793 499 876 pedestri
522 791 679 856 Italorum
702 794 919 856 vetustissimo
945 793 1134 876 Altenburg,
1158 792 1244 877 apud
1268 792 1417 855 Plautum

356 900 491 980 Lorenz,
515 903 600 985 apud
617 901 794 966 Varronem
818 899 1036 985 Krumbiegel,
1059 903 1094 965 in
1118 901 1280 967 Ciceronis
1303 904 1419 967 oratio·

356 1009 454 1074 nibus
487 1011 650 1092 prioribus
674 1010 837 1094 Landgraf
870 1015 902 1074 et
924 1010 1133 1094 Hellmuth.¹)
1182 1011 1245 1088 Qui
1272 1015 1419 1097 pleonas-

357 1139 431 1183 mus
455 1123 620 1203 quatenus
644 1121 727 1204 apud
752 1119 935 1184 Terentium
954 1123 1134 1206 reperiatur
1149 1124 1183 1185 in
1199 1123 1306 1205 priore
1322 1121 1420 1188 huius

355 1227 456 1293 libelli
484 1233 573 1314 parte
604 1230 762 1313 quaesivi.
817 1228 928 1313 Longe
956 1230 1047 1294 aliter
1077 1236 1125 1296 est
1147 1231 1357 1295 iudicandum
1381 1229 1420 1293 de

355 1359 392 1404 ea
425 1331 582 1406 sermonis
622 1339 836 1403 redundantia
877 1359 960 1423 quae
1002 1342 1088 1424 apud
1126 1361 1180 1406 eos
1217 1340 1419 1424 potissimum

356 1432 527 1532 scriptores
548 1453 722 1533 poetasque
745 1451 910 1513 invenitur
934 1450 991 1533 qui
1013 1452 1162 1534 gravitati
1185 1453 1281 1534 atque
1304 1449 1418 1513 solem-

355 1559 448 1622 nitati
472 1560 626 1623 orationis
649 1554 790 1640 student,
815 1559 933 1642 quippe
957 1579 1040 1642 quae
1063 1559 1262 1623 abundantia
1285 1578 1350 1623 non
1370 1559 1419 1620 in·

355 1670 500 1732 consulto
536 1669 734 1751 admittatur,
769 1668 825 1732 sed
859 1668 969 1732 studio
1004 1675 1099 1753 atque
1133 1669 1293 1733 industria
1324 1687 1419 1751 quae·

355 1784 455 1844 ratur.
499 1777 589 1841 Talia
613 1797 688 1842 cum
713 1778 799 1861 apud
824 1775 1011 1842 Ciceronem
1034 1779 1068 1842 in
1093 1777 1293 1843 orationibus
1314 1778 1418 1840 omnis

355 1888 422 1952 fere
457 1890 569 1952 aetatis
600 1892 669 1951 tum
700 1888 785 1971 apud
810 1885 1024 1973 Lucretium²)
1053 1908 1112 1952 nec
1128 1909 1199 1952 non
1225 1889 1310 1971 apud
1332 1885 1418 1950 Taci·

354 1995 466 2082 tum³),
499 2017 541 2062 ne
571 1997 680 2080 plures
708 2016 905 2081 enumerem,
940 1998 1066 2062 obviam
1095 1997 1186 2062 fiunt.
1236 1995 1344 2080 Selegi
1378 2016 1420 2060 ex

356 2113 421 2172 toto
458 2109 517 2173 hoc
546 2126 664 2192 genere
697 2108 932 2191 copulationem
961 2107 1134 2172 verborum
1164 2127 1418 2189 synonymorum

356 2220 451 2282 cuius
473 2237 570 2282 usum
587 2217 814 2282 Terentianum
835 2219 1045 2302 explorarem,
1063 2236 1196 2300 sperans
1219 2219 1302 2281 hano
1323 2237 1419 2300 quae-

355 2331 494 2392 stionem
518 2328 643 2412 aliquid
667 2329 867 2408 conlaturam
891 2328 930 2391 ad
946 2333 1044 2392 artem
1058 2328 1217 2391 sermonis
1232 2325 1418 2391 Terentiani

354 2440 474 2502 rectius
497 2439 738 2503 aestimandam.
787 2441 834 2503 De
863 2440 923 2502 hac
952 2439 1051 2520 igitur
1077 2456 1111 2501 re
1142 2439 1175 2500 in
1200 2438 1297 2501 altera
1320 2438 1418 2501 huius

354 2547 455 2612 libelli
478 2554 567 2633 parte
591 2554 713 2632 agetur.

812 2799 913 2866 Pars
935 2797 967 2864 L

703 2925 766 3007 lle
794 2926 1073 3029 pleonasmo.

465 3074 609 3138 Primum
642 3093 697 3137 eos
725 3076 812 3138 locos
841 3073 970 3138 afferam
999 3073 1054 3138 ubi
1084 3072 1273 3137 adverbium
1301 3071 1417 3135 verbo

359 3183 564 3248 abundanter
602 3186 783 3268 apponitur.
840 3183 938 3246 Haud
973 3203 1048 3269 raro
1084 3183 1169 3265 apud
1209 3201 1319 3245 omnes
1351 3180 1418 3245 fere

360 3295 542 3377 scriptores,
579 3299 677 3378 atque
713 3313 750 3358 eo
778 3295 916 3378 saepius,
951 3312 1016 3376 quo
1050 3294 1183 3376 propius
1213 3290 1253 3352 ad
1287 3289 1420 3371 vulgare

463 3509 490 3575 1)
508 3508 683 3578 Altenburg,
701 3509 746 3565 De
762 3521 895 3564 sermone
908 3502 1038 3578 pedestri
1051 3475 1194 3559 Italorum
1205 3502 1418 3560 vetustissimo.

356 3602 469 3657 Lorenz
496 3600 528 3654 in
550 3596 650 3654 Plauti
670 3597 777 3652 Militis
797 3597 926 3654 Gloriosi
946 3594 1150 3652 Mostellariae
1175 3593 1313 3652 Pseudoli
1335 3611 1418 3667 prae-

357 3691 522 3748 fationibus
541 3696 572 3746 et
591 3690 821 3746 commentariis.
857 3687 1060 3759 Krumbiegel,
1078 3687 1123 3742 De
1144 3687 1329 3742 Varroniano
1348 3685 1418 3740 scri·

357 3782 447 3839 bandi
466 3798 575 3854 gauere
594 3787 793 3853 quaestiones.
840 3781 1001 3854 Landgraf,
1020 3781 1065 3836 Do
1085 3778 1234 3835 Ciceronis
1254 3777 1418 3834 elocutione

356 3874 388 3929 in
408 3871 595 3930 oratiombus
612 3889 665 3945 pro
684 3872 715 3929 P.
735 3872 874 3938 Quinctio
893 3885 924 3929 et
941 3890 995 3945 pro
1013 3871 1078 3927 Sex.
1096 3870 1206 3927 Roscio
1219 3871 1369 3936 Amerino,
1387 3874 1419 3924 et

355 3966 385 4021 in
399 3965 610 4021 commentario
625 3964 663 4020 ad
675 3964 825 4021 Ciceronis
835 3965 1000 4022 orationem
1013 3981 1066 4035 pro
1076 3965 1142 4021 Sex.
1155 3961 1260 4018 Roscio
1270 3960 1418 4016 Amerino.
1483 4025 1487 4028 ,

356 4057 523 4122 Hellmuth‚
558 4058 603 4113 De
640 4057 785 4113 sermonis
819 4055 1054 4130 proprietatibus
1090 4072 1167 4128 quae
1202 4052 1233 4107 in
1270 4049 1418 4122 prioribus

357 4149 508 4205 Ciceronis
527 4149 715 4205 orationibus
733 4149 935 4204 inveniuntur.

460 4243 487 4312 2)
507 4241 666 4307 Kraetsch,
693 4242 738 4296 De
763 4238 926 4295 abundanti
949 4237 1067 4295 dicendi
1085 4254 1191 4310 genere
1210 4236 1392 4293 Lucretiano

459 4335 488 4403 3)
509 4331 644 4399 Gericlre,
664 4333 711 4387 De
730 4329 895 4387 abundanti
914 4327 1032 4385 dicendi
1052 4343 1159 4400 genere
1177 4327 1325 4387 Tacitino.
