3214 5062
621 475 799 559 *47*-

286 672 432 736 Plurima
448 673 595 756 exempla
617 673 962 738 substantivorum
993 673 1143 738 binorum
1166 692 1242 738 con·

178 781 364 846 iunctorum
386 781 471 865 apud
490 780 675 846 Terentium
697 784 883 848 invenimus
902 785 937 846 in
962 783 1081 866 quibus
1104 784 1242 848 altorum

180 892 371 979 vocabulum
391 891 554 954 interdum
570 892 651 956 nihil
666 892 843 958 sententiae
865 894 953 957 novi.
966 891 1064 973 addit,
1080 892 1243 956 interdum

180 1003 342 1065 notionem
367 1000 506 1082 explicat
522 1005 582 1064 aut
593 1006 710 1084 auget,
726 1001 976 1084 Nonnumquam
992 999 1162 1066 Terentius
1185 1017 1243 1064 no·

181 1110 323 1174 minibus
358 1108 485 1172 duobus
518 1110 621 1172 utitur
655 1130 737 1192 quac
760 1111 814 1175 alii
849 1112 1019 1194 scriptores
1048 1125 1115 1174 tam
1147 1128 1243 1194 saepe

178 1221 380 1300 coniungunt
392 1223 428 1281 ut
438 1218 500 1280 dno
513 1217 612 1282 verba
634 1221 667 1282 in
691 1220 855 1284 notionem
880 1239 977 1282 unam
1002 1221 1119 1284 coiisse
1140 1222 1243 1283 mani·

177 1329 372 1395 testumsit.'
395 1327 510 1410 ltaque
527 1328 856 1395 formulaeaiammtm
879 1329 1010 1410 maiam,
1039 1328 1117 1411 fides
1143 1329 1243 1394 aliem-

178 1439 251 1515 teia,
275 1457 364 1502 meas
387 1437 528 1518 animae,
552 1458 621 1520 spes
645 1459 725 1522 apes,
749 1458 832 1522 quae
855 1438 1040 1521 frequenter
1062 1438 1146 1522 apud
1162 1439 1243 1502 alios
1308 1439 1311 1445 '

179 1548 350 1630 scriptores
383 1546 604 1628 inveniuntur,
639 1547 931 1632 apudTerentium
955 1568 1053 1612 unam
1079 1543 1242 1612 notionem

178 1657 331 1740 praebere
349 1654 478 1719 solent.
530 1653 565 1717 Si
603 1657 881 1721 substantivorum
923 1658 1158 1740 copulationem
1199 1656 1242 1720 bi·

179 1765 354 1828 mambrem
391 1763 599 1828 tractabimus
638 1763 820 1830 Terentium
863 1769 990 1851 saepius
1029 1768 1161 1830 nomina
1188 1766 1243 1830 ab·

178 1880 295 1938 straota
319 1893 415 1956 qnam
440 1881 588 1936 concreta
611 1873 806 1952 coniungere
844 1875 1036 1955 videbimus,
1061 1872 1158 1956 quod'
1173 1858 1243 1956 ipsa

179 1985 226 2046 rei
242 1980 419 2063 naturafit,
449 1976 522 2046 cum
546 2001 612 2045 non
644 1981 768 2046 soleant
803 2003 988 2064 synonyma
1042 1976 1146 2046 multa
1173 1999 1243 2046 esse

179 2093 220 2155 ad
250 2111 346 2155 unam
386 2111 452 2154 rem
493 2091 675 2156 concretam
716 2092 957 2175 designandam,
997 2092 1099 2155 animi
1137 2096 1241 2154 antem

179 2195 362 2264 affectiones
401 2208 432 2264 et
469 2221 521 2266 res
559 2201 749 2280 abstractae,
766 2250 770 2258 ,
789 2222 873 2284 quae
912 2221 978 2266 non
1005 2208 1071 2266 tam
1095 2203 1244 2264 accurate

180 2309 341 2391 designari
364 2313 497 2392 possint,
523 2311 634 2375 multis
657 2311 822 2375 vocabulis
841 2311 1004 2374 similibus
1027 2329 1121 2393 saepe
1145 2310 1245 2392 signi·

178 2416 326 2484 ficentur.
823 2492 829 2506 .

286 2527 431 2592 Primum
474 2530 622 2610 exempla
665 2529 940 2593 substantivorum
987 2545 1243 2611 synonymorum

179 2657 253 2700 oum
267 2637 479 2702 alliteratione
492 2640 738 2702 coniunctorum
752 2638 880 2702 afferam
899 2658 941 2701 ea
959 2637 1242 2701 litterisordinata.

180 2747 268 2818 And.
293 2746 357 2809 326

336 2876 427 2922 mana
449 2861 557 2938 tepea
584 2856 761 2923 amicitiam
799 2861 828 2922 et
850 2875 911 2938 per
939 2876 1079 2920 amorem
1109 2854 1243 2921 obsecro.

182 2962 385 3046 Quamquam
414 2966 474 3029 hoo
501 2966 571 3028 loco
596 2964 758 3028 Charinus
781 2984 874 3028 suam
898 2975 929 3030 et
952 2964 1114 3047 Pamphili
1137 2962 1244 3028 amici-

181 3075 269 3155 tiam,
292 3093 433 3138 amorem
458 3080 566 3138 autem
596 3073 809 3137 Philumenae
836 3074 1006 3156 designare
1037 3074 1175 3155 videtur,
1210 3076 1244 3136 in

183 3183 270 3250 And.
287 3183 351 3246 718
368 3183 469 3266 Mysis
486 3183 594 3247 verbis
618 3183 757 3249 amicam
781 3188 956 3250 amatorem
979 3183 1081 3246 utitur
1105 3187 1141 3246 ut
1154 3182 1245 3246 Pam·

182 3292 309 3376 pbilum
333 3293 491 3376 designet.
537 3293 575 3356 In
601 3293 685 3360 Eun.
712 3292 797 3356 1048

230 3429 233 3438 ·
339 3402 401 3468 mei
419 3402 527 3485 patris
548 3402 752 3485 festivitatem
774 3407 804 3468 et
824 3400 1034 3484 facilitatem?

179 3540 247 3584 non
271 3521 376 3585 solnm
399 3520 569 3584 alliteratio
597 3523 653 3586 sed
670 3524 764 3586 stiam
781 3520 1061 3584 homoeoteleuton
1081 3522 1116 3582 in
1137 3519 1244 3584 vorbis
1357 3587 1359 3592 ,

180 3631 277 3693 inest.
322 3627 469 3694 Donatus
493 3635 583 3694 notat
604 3631 809 3714 festivitatem
850 3631 884 3692 in
920 3629 1022 3709 dictio,
1055 3629 1245 3711 facilitatem

180 3739 347 3802 inanimo
371 3744 402 3803 et
424 3739 516 3803 lactis
544 3757 625 3820 esse,
661 3742 717 3803 sed
753 3741 819 3803 duo
843 3739 974 3802 nomina
998 3737 1159 3801 Chaereae
1181 3737 1246 3801 lae-

181 3848 285 3911 titiam
320 3853 352 3912 et
387 3868 479 3930 quam
516 3853 627 3931 gratus
661 3851 743 3932 patri
777 3852 818 3912 sit
856 3841 1044 3914 ostendunt.
1101 3835 1146 3911 cf.
1182 3843 1245 3908 Oic.

181 3955 274 4022 Brut.
300 3954 363 4019 177
386 3957 559 4040 festivitate
581 3959 684 4044 iqitar
707 3963 736 4023 et
758 3958 896 4040 facetiis.

287 4064 455 4132 Terentius
479 4067 528 4132 bis
552 4070 714 4151 locutione
736 4068 819 4150 forte
841 4068 979 4151 fortuma
1003 4067 1122 4130 utitur:

180 4174 269 4240 Eun.
295 4175 359 4240 134

342 4306 425 4389 forte
447 4305 585 4388 fortuma
608 4306 719 4389 adfuit
741 4306 907 4370 dicaeus
930 4303 1054 4370 amicae
