3214 5062
635 471 743 534 ...31
766 501 813 538 Ι.-..

190 643 413 725 cumulatione
451 645 601 729 exprimi.
663 645 702 708 ln
737 645 822 712 And.
859 640 925 710 274
959 661 1030 730 sqq,
1070 645 1259 733 Pamphilus

192 755 391 840 quemquam
414 755 514 838 patris
537 753 689 834 duritiam
714 755 904 838 indignatur
926 759 1036 821 tamen
1059 749 1183 840 pudore
1209 758 1259 822 in·

192 867 301 928 certus
334 867 383 927 est
418 861 498 946 quid
531 869 616 945 agat,
652 883 726 928 aum
758 883 802 932 ea
835 861 929 944 Myse
957 883 1054 950 quam
1078 866 1195 934 misera
1217 869 1263 931 sit

193 967 381 1052 Glycerium
404 972 565 1037 audiverit
587 972 681 1037 valde
705 970 914 1056 concitatus·
1129 977 1130 982 ’

351 1081 428 1146 hene
449 1085 478 1144 et
496 1081 615 1164 pudice
637 1082 709 1146 eius
726 1080 858 1146 ‘doctam
873 1087 968 1168 atque
982 1083 1133 1156 edentem
1147 1084 1258 1152 sinam

351 1193 495 1255 sonetum
518 1195 648 1274 egestate
670 1190 842 1276 ingenium
862 1189 1093 1259 immutarier?

193 1299 275 1366 Cum
311 1306 420 1376 autem
436 1304 438 1309 ’
454 1298 557 1380 Mysis
592 1299 676 1364 dicat
699 1307 734 1365 se
757 1301 862 1363 vereri
897 1306 935 1366 ut
969 1299 1174 1385 Pamphilus¹
1191 1304 1256 1366 vim

193 1414 290 1496 queat
311 1409 406 1492 ferre,
428 1414 498 1474 tum
522 1427 598 1472 vero
621 1409 798 1493 indignans
848 1429 851 1436 ’
1070 1479 1072 1486 q
1203 1423 1206 1426 ’

382 1537 384 1544 ·
724 1515 839 1582 jedeon
862 1517 1088 1600 meipreaoom
1105 1522 1215 1601 putea,

250 1682 254 1686 .
351 1627 453 1690 adeon
464 1645 560 1709 porro
573 1625 741 1710 ingratum
753 1630 812 1690 aet
824 1627 1049 1702 inhumanum
1064 1631 1122 1692 ant
1137 1627 1257 1710 ferum,

352 1741 389 1799 et
411 1755 514 1819 raeque
531 1755 582 1800 me
602 1723 796 1799 consuetude
818 1755 921 1822 rreqee
935 1755 1028 1798 emor
1041 1738 1259 1822 meqeepedor
1317 1769 1346 1803 η

353 1849 547 1910 commoveat
573 1865 677 1932 raeque
704 1851 903 1912 commoneat
929 1849 966 1909 et
987 1864 1109 1932 servem
1132 1845 1255 1928 fidem?

193 1954 232 2018 In
262 1953 417 2037 Adelphis
447 1952 527 2018 Geta
556 1973 650 2038 augre
681 1954 787 2020 ferens
817 1955 905 2039 quod
934 1959 1026 2039 putat
1052 1948 1256 2022 Aeschinum

193 2083 212 2126 a
249 2063 417 2148 Pamphila
450 2082 507 2128 era
541 2082 613 2130 esse
646 2063 787 2149 alienum
822 2061 995 2128 verborum
1037 2063 1257 2128 cumulatione

192 2172 451 2255 indignationem
472 2174 625 2256 exprimit
649 2193 700 2240 vv.
726 2172 869 2248 303-4,
894 2170 1035 2252 306-7,
1058 2171 1124 2236 319

353 2282 404 2346 uis
426 2287 545 2366 egestas
566 2281 734 2347 iniustitia
754 2280 891 2370 solitudo
914 2278 1067 2360 infamia.

353 2391 466 2456 herine
496 2393 655 2458 saeelum!
688 2412 707 2456 o
740 2391 866 2466 seelera,
895 2408 913 2452 ο
944 2407 1061 2472 persero
1093 2390 1256 2474 sacrilega,

618 2520 637 2564 o
659 2497 821 2564 hominem
844 2496 1010 2586 impium!-

244 2604 335 2674 ‘306
359 2629 454 2696 quem
492 2629 593 2692 neque
630 2608 711 2700 fides
745 2627 846 2690 raeque
880 2605 1117 2668 iusiurandum
1156 2625 1258 2692 neque

619 2718 714 2782 illum
736 2714 958 2788 misericordie

355 2827 507 2912 repressit
524 2847 626 2912 raeque
647 2825 775 2910 reflexit
796 2845 899 2910 neque
921 2824 1007 2909 quod
1019 2828 1134 2908 partes
1148 2823 1254 2888 ireste-

620 2935 673 2998 hot
691 2954 793 3018 prope
816 2983 824 3000 .
851 2983 857 2998 .
884 2983 892 3001 .

266 3045 331 3108 319
354 3049 468 3109 eeteros
506 3066 634 3110 ruerem
672 3064 798 3128 sperem
835 3061 982 3125 raperem
1024 3041 1192 3106 tunderem
1229 3047 1258 3106 et

377 3153 378 3158 ’
618 3157 873 3238 prosternerem..

193 3282 234 3346 In
254 3281 340 3353 Eun.
357 3278 422 3344 553
446 3301 518 3366 sqq.
535 3281 676 3347 Chaerea
700 3283 801 3346 animi
822 3279 1095 3364 perturbationem
1116 3279 1256 3342 ostendit

193 3411 253 3476 per
275 3393 563 3474 interrogationum
596 3394 869 3456 coacervationem
897 3411 977 3474 quas
1001 3391 1141 3472 aliquem
1165 3408 1257 3469 roga·

196 3508 308 3563 turum
345 3503 520 3582 exspectet.
576 3499 643 3564 Has
671 3491 945 3581 ¹interrogationes
974 3497 1115 3580 Antipho
1143 3499 1258 3580 repetit

194 3624 247 3675 vv.
274 3604 405 3671 ons-9
428 3627 492 3670 non
519 3627 583 3690 quo
605 3610 675 3692 ipse
698 3588 877 3673 concitatus
901 3609 960 3688 sit,·
981 3608 1037 3671 sed
1057 3605 1144 3690 quod
1169 3607 1257 3670 videt

193 3718 227 3780 ld
251 3719 355 3780 amieo
377 3723 507 3799 gratum
530 3715 690 3780 futurum.
1208 3731 1212 3740 ’

237 3909 240 3914 Ι
301 3824 404 3908 Saepe
428 3831 536 3889 autem
561 3826 650 3920 apud
665 3824 848 3888 Terentium
873 3825 959 3888 sieut
980 3824 1013 3886 iu
1038 3841 1093 3886 ore
1109 3823 1255 3886 omnium
1362 3845 1365 3851 ·

195 3951 377 4020 synonyma
409 3936 655 4018 coniunguntur
690 3955 756 3998 uon
795 3939 833 3996 ut
866 3933 1044 4015 indignatio
1079 3937 1136 3996 aut
1171 3929 1256 3995 alius

194 4045 295 4124 animi
329 4041 464 4108 effectus
492 4045 692 4126 exprimatur
715 4041 770 4106 sed
794 4047 831 4105 ut
854 4043 904 4105 vis
928 4041 980 4105 vel
1003 4041 1132 4124 pondus
1156 4041 1257 4126 quod-

195 4153 269 4219 dam
289 4155 467 4217 sententiae
485 4153 634 4233 addetur.
678 4154 728 4215 Ao
743 4149 927 4214 Terentium
944 4131 1126 4213 videbimus
1143 4148 1255 4213 eadem

194 4262 294 4325 verba
329 4281 424 4346 saepe
459 4261 608 4345 copulare
638 4279 722 4346 quae
751 4260 847 4323 etiam
871 4258 958 4341 apud
981 4258 1062 4326 alios
1086 4258 1256 4343 scriptores
