3214 5062
664 482 845 541 ..59-

220 655 341 722 Heaut.
367 655 433 718 244

380 763 434 828 epo
455 763 529 808 cero
550 743 649 810 audio
679 763 770 810 nunc
791 743 918 834 mum
951 749 980 809 ct
1015 744 1105 812 video
1138 750 1179 810 et
1193 745 1290 828 cclcc,

647 851 797 938 Clitipho,
900 912 903 918 .

223 960 427 1050 Quamquam
454 959 551 1026 verba
573 961 712 1026 similem
736 961 1003 1046 significationem
1026 981 1093 1028 non
1116 962 1235 1028 habent
1258 968 1289 1028 et

222 1071 445 1136 alliterationis
469 1088 567 1134 causa
591 1071 744 1155 coniungi
767 1071 930 1155 videntur,
953 1071 1057 1137 Clinia
1079 1069 1178 1154 verbo
1201 1073 1289 1138 caleo

221 1180 329 1246 addito
353 1179 494 1245 ostendit
518 1198 553 1244 se
575 1197 642 1244 non
666 1179 772 1268 solnm
790 1199 906 1246 sensus
921 1179 1076 1247 audiendi
1092 1181 1290 1266 videndique

221 1289 341 1354 habere
366 1290 423 1354 sed
446 1291 545 1354 etiam
567 1287 758 1374 Antiphilae
781 1290 922 1356 advento
945 1291 1076 1357 omnino
1100 1289 1250 1376 valere.¹)

328 1397 448 1464 Littera
482 1399 585 1482 prima
608 1396 699 1465 verbi
733 1403 765 1464 et
799 1402 1046 1486 praepositionis
1081 1397 1173 1466 verbi
1202 1419 1289 1466 ccm-

221 1508 316 1592 positi
338 1507 449 1573 eadem
472 1511 521 1572 est
543 1506 662 1574 Heaut.
688 1507 753 1570 966

380 1621 409 1681 et
431 1616 580 1683 commisi
601 1622 629 1681 et
651 1617 782 1683 credidi.
1173 1675 1177 1686 ,

222 1721 379 1788 Similiter
402 1721 513 1787 Cicero
536 1720 630 1787 Verr.
648 1721 677 1784 V
697 1723 749 1806 35,
774 1743 803 1807 p.
828 1722 956 1792 cluent.
983 1724 1056 1807 159,
1086 1726 1126 1792 de
1150 1724 1234 1794 dom.
1259 1726 1287 1807 1,

221 1832 260 1898 de
282 1833 351 1897 inv.
373 1831 391 1896 I
416 1832 445 1913 1,
469 1832 539 1895 tet
556 1832 585 1899 9.

221 1940 343 2007 Heaut.
367 1939 431 2003 779

379 2047 482 2113 neque
504 2028 544 2094 do
566 2049 669 2115 oeque
690 2030 877 2115 despondeo.

213 2117 317 2184 'Adet
343 2117 408 2181 670
556 2119 557 2123 ’
743 2134 746 2140 ·

380 2205 455 2291 que
477 2165 669 2302 despoton
693 2183 897 2292 pendant

221 2316 317 2387 Adel.
341 2315 406 2380 472

380 2424 479 2470 orcos
501 2403 680 2484 obsecrans.

201 2511 292 2596 =Hac
317 2510 458 2576 formula
492 2509 548 2574 alii
571 2511 741 2596 scriptores
765 2529 860 2596 saepe
883 2515 1033 2579 utuntur.
1068 2461 1288 2610 Heerdegen,
1426 2587 1431 2591 ⁴

224 2619 522 2704 Untersuchungen
558 2618 590 2685 d.
623 2620 678 2688 lat.
707 2619 951 2704 Semasiologie,
983 2616 1064 2686 Hett
1097 2618 1149 2683 ΙΙΙ
1172 2614 1211 2704 'p.
1236 2618 1290 2704 26,

225 2729 438 2814 copulationis
473 2733 596 2813 septem
628 2729 775 2814 exempla
810 2723 853 2794 err
884 2728 1011 2812 Plauto,
1049 2749 1081 2813 p.
1109 2727 1152 2792 43
1185 2748 1288 2792 unum

222 2841 254 2902 et
301 2838 416 2922 viginti
463 2839 611 2923 exempla
654 2857 697 2903 ex
736 2836 891 2903 Cicerone
936 2839 1036 2906 affert.
1088 2837 1196 2902 Verba
1233 2857 1289 2902 cro

221 2945 355 3011 obtestor
378 2965 460 3030 quae
473 2943 588 3012 Cicero
604 2946 710 3012 decies
726 2943 925 3030 coniungit²)
947 2947 1045 3012 semel
1066 2947 1153 3031 apud
1171 2946 1288 3012 Teren·

223 3056 305 3120 tium
322 3053 434 3120 multis
446 3054 554 3121 verbis
579 3056 740 3120 disiuncta
755 3057 980 3122 inveniuntur.
1010 3057 1287 3140 nodoso-291
1413 3147 1415 3152 Ι

383 3165 468 3248 quod
487 3185 546 3250 per
569 3185 624 3251 epo
651 3169 681 3230 te
707 3165 794 3230 donc
821 3185 911 3232 nunc
933 3163 1081 3234 dextram
1105 3187 1160 3233 oro
1183 3170 1213 3232 et
1238 3187 1289 3252 pc·

645 3253 741 3320 otium
763 3258 861 3331 tuom,

377 3331 439 3425 per
461 3347 553 3409 tuom
575 3341 670 3426 fidem
687 3364 811 3428 perque
833 3343 934 3411 leuius
957 3337 1172 3412 solitudinem

227 3539 253 3600 A
279 3535 298 3600 d
336 3455 417 3600 6279
440 3451 573 3520 obtestor
594 3474 636 3520 ne
658 3452 714 3519 olis
736 3458 766 3519 te
788 3455 874 3519 horto
901 3475 1043 3540 seprepes
1064 3475 1131 3520 nort
1153 3445 1291 3520 deseras.

255 3555 276 3599 ¹1
300 3583 310 3604 0

301 3692 303 3696 .
383 3626 481 3710 facilc
504 3628 609 3699 omnis
625 3629 774 3713 perferre
797 3584 935 3714 nepoti.

224 3733 271 3802 Ol.
300 3734 368 3800 Cio.
397 3734 539 3801 Tuscv
570 3737 620 3819 79,
656 3738 696 3802 de
724 3735 779 3805 Or.
811 3738 844 3802 Il
876 3739 928 3821 77,
962 3744 996 3809 et
1028 3739 1177 3824 exempla
1209 3758 1292 3823 qnae

224 3843 314 3910 affert
336 3843 506 3928 Kraetsoh,
529 3846 551 3912 l.
575 3865 602 3914 o.
626 3866 657 3930 p.
682 3848 714 3913 3.

224 3951 317 4031 Adel·
345 3955 564 4129 13protendat
581 4044 699 4130 perdat
716 4051 837 4129 pereat,
862 4048 912 4115 od
935 4050 978 4116 od
1001 4071 1049 4116 one
1073 4048 1196 4116 attinet.

223 4167 437 4179 --——

331 4201 360 4268 1)
380 4199 423 4256 Gt
442 4200 516 4268 Leo,
531 4201 680 4258 Analecta
698 4158 839 4259 Plautina
857 4203 889 4258 11
907 4222 935 4278 p.
954 4206 999 4266 38.
1060 4245 1064 4254 ι

331 4291 360 4358 2)
380 4287 424 4345 cf.
444 4287 629 4361 Heerdegen,
649 4291 669 4345 l.
688 4308 713 4351 c.
731 4309 761 4364 p.
778 4293 822 4348 44.
849 4341 852 4344 .
