3214 5062
791 521 833 536 ...
859 487 970 550 3οη.-

346 681 413 728 nou
447 664 490 728 eit
511 678 622 752 neque,
642 664 681 728 si
703 662 840 730 abesset.
863 661 1111 745 desideraretur,
1136 663 1256 728 locutm
1290 669 1416 748 quoque

346 772 589 850 etiameodem
622 776 694 841 inre
728 789 794 860 quo
829 764 913 840 aliae
946 772 1192 838 coniunctiones
1229 771 1413 856 duplicatae

346 882 386 948 in¹
405 880 551 965 exempla
575 879 792 948 abundantiae
814 877 1029 955 Terentianae
1053 879 1222 951 referenda
1245 886 1304 948 est.

661 1155 665 1166 '
778 1151 879 1226 Pars
903 1153 956 1224 11.

479 1261 554 1350 lle
573 1279 930 1368 synonymorum
959 1257 1266 1366 copulatione.
1386 1268 1390 1272 ’

349 1467 352 1478 ,
455 1391 788 1478 Desynonymorum
812 1391 1042 1486 copulatione)
1065 1392 1133 1454 sive
1157 1391 1268 1460 eedem
1292 1410 1327 1458 re
1352 1391 1410 1457 du-

346 1500 439 1590 obus
460 1499 651 1584 pluribusve
683 1499 790 1565 verbis
820 1499 904 1566 dicta
928 1500 1006 1583 quid
1030 1500 1190 1564 senserint
1211 1501 1410 1584 grammatici

345 1609 474 1698 antiqui
502 1609 665 1674 luculente
694 1608 865 1674 edocemur
895 1609 991 1674 Gellii
1019 1609 1122 1692 capite
1146 1607 1230 1692 quod
1255 1613 1305 1670 est
1327 1605 1410 1670 Noc-

274 1736 277 1743 ·
344 1720 427 1783 tium
452 1719 633 1784 Atticarum
655 1716 731 1782 Iibri
754 1715 839 1782 XIII
857 1715 910 1800 25,
934 1717 990 1781 ubi
1013 1713 1210 1782 Favorinum
1233 1700 1292 1779 bac
1314 1700 1353 1780 de
1374 1734 1409 1780 re

343 1810 420 1894 iacit
443 1829 663 1912 disputantem
688 1826 846 1911 exemplIs
869 1847 964 1892 usum
989 1847 1031 1894 ex
1055 1825 1209 1892 Cicerone
1233 1829 1264 1889 et
1287 1821 1409 1898 Getone

344 1956 405 2005 uec
433 1955 498 2000 non
518 1957 563 2001 ex
577 1935 718 2002 Homero
741 1917 870 2024 potitis(
909 1935 1053 2021 Exponit
1075 1920 1183 2020 autem
1208 1935 1296 1998 omni
1312 1934 1413 2016 culpa·

343 2063 460 2109 vacare
494 2045 583 2108 illam
618 2044 851 2129 repetitionem,
879 2046 978 2110 immo
1000 2025 1096 2110 laude
1120 2043 1250 2122 dignam
1274 2061 1354 2126 esse,
1379 2044 1405 2107 si
1502 2111 1507 2120 ,

343 2160 399 2220 aut
424 2153 587 2218 ornandae
611 2159 668 2220 aut
684 2154 931 2238 exaggerandae
947 2159 1003 2226 aut
1017 2133 1231 2219 modulandae
1254 2153 1407 2217 orationIs

342 2283 440 2328 causa
474 2263 542 2344 fiet,
578 2241 765 2348 ceteroquin
799 2265 946 2328 villosam
977 2282 1057 2327 esse.
1104 2250 1217 2346 itaque
1240 2249 1402 2348 proprium

342 2372 470 2437 videtur
501 2355 561 2436 boc
595 2391 698 2456 genus
734 2371 861 2438 dicendi
896 2360 1049 2437 orationis
1083 2354 1151 2436 arte
1180 2371 1338 2452 excultae,
1374 2377 1405 2434 et

342 2483 449 2574 utitur¹
465 2481 608 2565 proiecto
631 2499 726 2546 nemo
749 2479 956 2561 frequentius
972 2482 1058 2566 apud
1074 2480 1205 2545 Latinos
1222 2479 1307 2566 (dIco
1324 2481 1402 2544 anti-

342 2592 481 2674 quiores,
521 2609 597 2654 nam
632 2589 716 2674 apud
749 2574 930 2677 scriptores
959 2592 1033 2659 aevi
1063 2571 1226 2654 inferioris
1261 2590 1421 2654 studium·

340 2697 423 2763 illud
447 2699 542 2782 plane
565 2699 600 2762 in
625 2697 772 2763 morbum
797 2701 932 2766 vertisse
957 2705 1068 2763 notum
1085 2698 1146 2784 est)
1169 2719 1265 2783 quam
1283 2697 1404 2779 (ilceto,

286 2791 287 2794 ¹
340 2809 400 2888 bac
431 2809 562 2894 quoque
589 2809 623 2872 in
653 2825 688 2871 re
711 2809 940 2874 Demosthenis
964 2808 1121 2890 aemulus,
1143 2811 1197 2872 cui
1220 2809 1299 2872 vitio
1322 2808 1402 2872 illud

341 2919 501 3000 quosdam
530 2915 657 2982 dedisse
688 2916 868 3002 Dionysius
897 2918 1193 2986 HalicarnassensIs
1221 2919 1405 2984 auctorest

340 3029 373 3106 in
398 3027 502 3110 capite
527 3028 569 3089 58
593 3027 667 3091 libri
691 3027 729 3091 de
753 3026 981 3092 Demosthene.

362 3217 365 3220 Ι
448 3135 511 3200 Sed
545 3135 605 3200 hac
632 3156 762 3220 quoque
793 3139 828 3202 in
855 3157 889 3200 re
914 3142 1054 3207 oratores
1078 3142 1332 3204 consentaneum
1355 3144 1403 3201 est

340 3244 422 3307 nibil
455 3241 569 3308 fecIsse
603 3247 666 3309 nisi
694 3249 730 3308 ut
757 3247 937 3312 naturalem
969 3246 1132 3330 quandam
1156 3247 1314 3310 sermonis
1338 3246 1414 3308 vir-·

339 3359 441 3418 tutem
480 3354 666 3418 excolerent
707 3359 804 3438 atque
838 3361 1004 3438 augerent.
1071 3353 1209 3419 Praebet
1248 3357 1399 3422 nimirum

340 3483 445 3530 sermo
479 3453 643 3549 populeris
678 3462 826 3548 exempla
869 3463 957 3526 illius
988 3465 1175 3546 iterationis,
1199 3483 1400 3546 quamquam

338 3591 441 3663 pauca
475 3577 502 3640 si
537 3591 611 3638 cum
648 3575 790 3636 oratione
821 3571 992 3636 artificiosa
1015 3592 1191 3656 comperce,
1214 3581 1245 3636 et
1269 3573 1400 3656 quidem

340 3685 441 3748 multa
476 3701 559 3766 quae
593 3683 827 3746 consuetudine
862 3681 929 3744 fixa
953 3688 985 3746 et
1008 3683 1101 3767 quasi
1125 3682 1295 3746 sollemnia
1319 3682 1400 3746 iacta

339 3796 426 3856 snut.
471 3791 655 3856 Terentium
690 3793 749 3854 hac
783 3791 817 3853 in
852 3810 887 3855 re
922 3811 1019 3876 prope
1044 3791 1195 3855 accedere
1220 3789 1401 3869 videbimus

338 3901 377 3964 ad
404 3905 560 3966 sermonis
584 3888 736 3964 cotidiani
761 3900 1039 3982 consuetudinem,
1070 3921 1134 3964 non
1159 3889 1270 3966 deesse
1293 3907 1399 3966 temen

337 4009 393 4072 ubi
427 4014 581 4092 exsurgat
609 4012 681 4074 eins
710 4009 873 4077 comoedia
897 4009 1029 4093 vimque
1052 4012 1223 4074 oratoriam
1247 4015 1401 4076 assumat.

337 4117 451 4202 Neque
475 4117 666 4182 mirabimur
685 4118 783 4182 animi
807 4119 1053 4182 concitationem
1076 4121 1129 4184 bic
1143 4121 1211 4184 illic
1227 4119 1399 4184 verborum

337 4243 550 4254 .—--—-——-·——-·

444 4291 470 4360 i)
488 4290 532 4348 Gt.
551 4291 678 4359 Norden,
697 4261 808 4348 Antike
829 4292 1019 4364 Kunstprosa
1038 4312 1066 4365 p,
1085 4295 1128 4354 ol.
