3214 5062
662 525 841 588 ...61-

220 699 307 766 And.
332 700 396 766 912
419 700 623 768 sollicitando
645 707 675 770 et
696 703 908 788 pollicitando
939 704 1219 769 homoeoteleuton
1253 703 1288 768 in

223 811 371 893 quinque
393 809 526 894 syllabis
548 812 643 893 inest,
661 813 695 875 in
716 812 825 876 verbis
845 814 1029 897 compositis
1046 812 1139 878 Phor.
1156 811 1288 877 305-6

222 919 505 986 commonstrarier
539 918 792 988 demonstrarie'r
825 923 858 984 in
896 927 1058 1006 quattuor,
1091 923 1126 987 in
1161 920 1290 986 duobus

221 1028 308 1096 And.
333 1028 397 1090 248
417 1027 509 1111 farta
531 1033 699 1098 transacta
722 1031 832 1098 ommia
855 1031 912 1096 ubi
930 1030 1030 1097 verbo
1052 1048 1173 1114 versus
1189 1031 1289 1113 priori

220 1138 304 1220 perti
333 1135 418 1220 qaod
445 1135 548 1204 mortis
581 1144 778 1222 contemptas
812 1145 938 1225 spretas
967 1139 1173 1226 respondent.
1224 1135 1289 1202 Do·

222 1251 319 1309 notus
342 1246 382 1309 ed
405 1263 538 1310 versum
562 1239 651 1314 ‘arta
672 1253 840 1316 traasaota
862 1249 1065 1333 proverbiale
1099 1255 1151 1315 est
1186 1250 1220 1314 in
1255 1248 1289 1311 id

222 1354 344 1438 negotii
368 1354 498 1438 dequo
521 1356 601 1420 nihil
624 1359 766 1442 supersit
788 1357 829 1422 ed
852 1356 1034 1442 egendum’.
1079 1357 1153 1426 Non
1178 1359 1289 1421 minus

222 1463 434 1546 proverbialis
458 1483 529 1530 esse
546 1464 674 1531 videtur
686 1467 839 1532 'codicum
855 1467 957 1531 lectio
976 1467 1067 1554 faeta
1081 1465 1288 1548 transacta.¹)

222 1571 270 1637 Ol.
305 1571 369 1639 uic.
401 1571 469 1638 Cat.
509 1574 613 1655 1116,
641 1577 659 1640 5
699 1576 823 1660 fartam
862 1581 957 1659 atqae
997 1582 1200 1646 transactam
1232 1582 1288 1644 est.

221 1680 260 1745 In
282 1679 364 1746 Heo.
390 1679 455 1744 815
479 1684 642 1750 aarsamato
670 1690 766 1768 ataaa
794 1685 989 1754 ambulando
1017 1686 1117 1751 verbe
1141 1686 1289 1753 similiter

222 1785 384 1876 exeunt.²)
492 1816 499 1826 ·

229 1892 232 1896 ’
326 1897 467 1983 Reliqua
499 1901 647 1985 exempla
679 1903 714 1967 in
750 1902 871 1987 quibus
901 1902 1070 1968 Terentius
1108 1922 1289 1990 synonyma

222 2007 437 2092 binaoopnlet
452 2027 495 2073 ex
511 2009 680 2076 verborum
697 2011 933 2096 significatione
951 2013 1123 2098 disponere
1139 2013 1288 2095 conabor,

222 2124 253 2180 et
276 2122 313 2182 nt
335 2138 354 2181 a
377 2117 486 2182 verbis
511 2120 714 2203 supplicandi
738 2123 855 2206 ordiar,
879 2123 959 2188 heeo
982 2125 1131 2208 exemplu
1146 2124 1287 2188 efferum.

222 2226 309 2293 And.
336 2226 398 2291 190

380 2335 498 2404 dobiae
516 2339 646 2421 postulo
670 2341 735 2405 siae
758 2345 922 2422 aequomst
944 2345 973 2407 to
997 2337 1079 2425 oro⁸t
1100 2341 1204 2410 Dave.

222 2441 297 2512 Sive
327 2451 489 2530 aequomst
526 2446 661 2511 fortusse
696 2448 774 2512 dicit
808 2447 898 2512 Simo
931 2450 1018 2536 quod
1052 2449 1205 2534 iniquum
1243 2451 1289 2513 vi·

222 2552 317 2616 detur
340 2573 470 2620 servum
495 2555 535 2619 ab
553 2575 607 2646 ero
624 2557 720 2639 orari,
743 2555 853 2621 Cicero
869 2563 977 2624 eutem
995 2558 1144 2624 similiter
1167 2556 1287 2638 scribit,

225 2659 314 2728 Fam.
330 2661 382 2726 IX
407 2663 458 2746 13,
481 2666 499 2727 3
518 2671 593 2750 peto
615 2666 719 2753 ipitar
742 2687 763 2733 a
785 2671 825 2744 te,
860 2667 909 2734 vel
936 2668 966 2735 si
982 2667 1116 2753 pateris,
1142 2689 1207 2750 oro,
1231 2668 1288 2731 ubi

223 2790 278 2834 oro
300 2772 375 2853 plus
397 2773 484 2838 velet
507 2794 605 2859 qnam
629 2776 765 2844 verbum
789 2779 939 2843 alterum.
996 2777 1181 2843 Eorundem
1215 2796 1288 2842 ver-

221 2875 337 2942 borum
360 2883 596 2963 capulationem
620 2887 807 2951 invenimus
830 2887 916 2954 And.
941 2888 1006 2950 823

382 2988 438 3056 obs
460 2995 490 3057 te
506 2993 635 3075 poetata
657 2999 752 3080 atqae
775 3017 840 3073 oro,
866 2994 1023 3062 Chremes.

222 3095 308 3160 And.
333 3098 397 3160 312

381 3207 488 3290 apsam
510 3209 598 3278 barro
621 3212 726 3289 orabo,
750 3212 828 3279 bair
850 3211 1045 3296 supplicabo.

222 3312 297 3376 And
321 3313 451 3382 ooo-2
495 3317 498 3324 '

516 3437 519 3444 ’
921 3451 1101 3516 aamqaam
1124 3431 1244 3499 aestati

382 3534 516 3620 instare,
541 3545 579 3606 at
601 3540 736 3608 dicerem
760 3563 809 3608 me
832 3542 1011 3632 daotaram
1028 3541 1141 3625 patri;

360 3707 364 3714 .
382 3646 527 3726 suadere,
552 3670 645 3716 oraro
667 3671 768 3734 asora
791 3651 869 3718 adeo
890 3650 990 3715 donee
1007 3651 1162 3737 perpulit.

222 3779 435 3798 *—

329 3871 356 3938 1)
375 3870 420 3926 cf.
437 3872 555 3943 Preuss,
573 3893 602 3948 p.
623 3878 682 3938 110.
763 3893 765 3900 '

329 3964 355 4032 2)
370 3963 533 4034 Woelfflin,
551 3968 642 4028 Aroh.
660 3969 676 4026 1
694 3986 723 4042 p.
737 3969 791 4025 350
809 3985 873 4040 sqq.
897 3967 930 4024 in
955 3966 1020 4026 eine
1040 3967 1121 4026 modi
1145 3966 1290 4038 exemplis

223 4048 484 4113 homoeoteleuton
502 4058 600 4115 endiri
617 4065 719 4133 negem
739 4060 792 4116 sed
810 4065 901 4133 poeta
919 4059 1037 4118 videtur
1054 4076 1090 4117 ea
1108 4057 1197 4118 verbe
1211 4073 1287 4127 quoe

134 4207 138 4215 ¹
222 4138 335 4196 similes
353 4142 433 4201 istus
450 4147 563 4206 hebent
579 4156 610 4208 et
629 4151 766 4208 similiter
785 4158 895 4209 exeunt
913 4152 1050 4208 consulto
1067 4149 1214 4221 copulare.

329 4234 357 4299 3)
375 4235 470 4294 Usum
483 4242 568 4297 verbi
580 4261 659 4298 orare
671 4244 751 4316 apud
763 4244 924 4316 scriptores
936 4242 1062 4300 Latinos
1074 4246 1187 4297 tractet
1196 4239 1287 4296 Heer-

222 4332 325 4410 degen,
344 4322 364 4380 l·
382 4340 406 4378 ⁰·
425 4331 442 4384 9
460 4347 523 4406 sqq.
