3214 5062
650 521 802 582 ..5-

197 695 276 759 Geta
309 701 417 760 autem
439 696 492 762 tto
524 717 591 761 reon
618 696 735 761 adast:
764 697 879 762 Padum
914 699 1061 783 proferre
1089 700 1256 765 invenitur

193 805 400 874 fflwdffl

352 915 547 998 remeatum
566 918 725 1002 proferre.

192 1025 255 1089 Hie
278 1027 327 1089 vis
351 1026 478 1090 dicendi
506 1025 603 1092 verbu
622 1028 736 1112 pulum
759 1029 867 1092 addito
893 1033 1042 1111 augetur.
1089 1026 1127 1090 In
1142 1029 1257 1111 Angli-

192 1154 265 1199 curn
300 1141 486 1200 convertere
527 1156 702 1219 possumus
744 1137 886 1204 mention
923 1137 972 1201 tue
1013 1141 1128 1204 matter
1168 1137 1258 1221 quite

190 1245 316 1329 openly.
362 1245 453 1312 Adel.
481 1247 545 1310 339

511 1471 562 1532 sut
583 1466 657 1532 seio.

192 1574 396 1658 Quamquam
426 1576 573 1659 proferre
612 1576 717 1640 solum
757 1576 791 1636 in
832 1574 979 1638 versibus
1020 1574 1082 1638 337
1124 1579 1157 1639 et
1189 1569 1276 1639 343

190 1685 273 1748 idem
315 1685 402 1768 quod
436 1686 550 1769 patrm
579 1685 726 1772 proferne
759 1685 819 1747 hoc
854 1685 923 1748 loeo
962 1681 1130 1767 signifieat,
1170 1683 1252 1749 Geta

186 1794 299 1876 patrm
333 1795 448 1858 addere
481 1796 609 1859 videtur
632 1814 697 1877 quo
720 1795 901 1860 accuratius
925 1793 1110 1858 dissuadeat
1137 1812 1253 1858 neres

190 1881 380 1984 preferatur.

296 2032 392 2114 Apud
410 2049 520 2096 omnus
536 2030 602 2096 fere
620 2032 790 2115 scriptores
811 2027 968 2117 Latinus¹)
993 2031 1178 2096 invenimus
1194 2031 1249 2094 ad·

190 2139 336 2204 verbium
351 2161 469 2206 rursus
486 2141 592 2206 verbis
605 2161 680 2206 eum
700 2161 735 2205 re
750 2140 872 2224 syllaba
888 2141 1075 2228 cumpositis
1089 2140 1250 2204 adiectum
1372 2138 1379 2157 '

190 2269 296 2333 neque
312 2250 438 2314 videtur
454 2250 583 2316 dicendi
597 2272 701 2334 genus
716 2258 781 2315 tam
798 2253 953 2316 usitatum
971 2250 1131 2314 offendere
1146 2268 1251 2332 posse.

190 2358 349 2445 Exempla
372 2361 459 2444 apud
481 2360 666 2425 Terentium
690 2369 765 2425 sunt
788 2360 874 2427 Fiun.
899 2359 964 2422 634

347 2470 440 2536 redeo
461 2491 606 2536 rursum.

189 2579 285 2643 Phor.
311 2580 374 2642 538

348 2688 535 2772 beneficium
559 2711 695 2756 rursum
716 2689 746 2754 ei
769 2690 970 2772 experiemur
988 2685 1142 2754 reddere?

188 2793 282 2860 Adel.
308 2798 372 2859 579

347 2908 383 2974 iu
403 2873 564 2991 porticum
586 2930 721 2975 rursum
743 2910 823 2975 redi.

189 3017 280 3111 Adel.
307 3017 345 3079 71

346 3149 483 3194 rursum
506 3127 548 3193 ud
569 3128 741 3213 inuentum
762 3128 855 3194 redit.

186 3233 266 3303 Heu.
291 3237 352 3299 291

345 3368 480 3414 rursum
502 3347 539 3413 iu
561 3347 704 3432 qratiam
722 3349 879 3414 restitues.

186 3474 226 3537 In
264 3477 313 3541 his
354 3480 510 3562 exemplis
556 3481 707 3544 omnibus
744 3478 914 3543 Terentius
951 3496 1087 3540 rursum
1134 3475 1251 3538 addere

187 3585 325 3669 videtur,
360 3608 427 3671 quo
461 3591 567 3655 acrius
595 3593 717 3672 pugnet
751 3607 826 3650 uum
850 3587 1010 3650 sententia
1038 3586 1143 3668 priore
1168 3604 1249 3667 quae

187 3697 283 3761 modu
300 3701 497 3764 contrarium
520 3700 613 3764 dixit.
659 3698 814 3762 Similiter
824 3696 883 3763 Ph.
899 3697 961 3758 922
974 3714 1108 3759 rursum
1120 3693 1254 3757 rescribi

293 3989 319 4054 1)
337 3986 470 4045 Plurima
497 3985 587 4042 huius
614 4001 685 4041 usus
713 3984 848 4056 exemplu
880 3981 1008 4039 afferunt
1037 3979 1152 4052 Reisig,
1181 3981 1252 4036 Vor-

185 4077 329 4148 lesnngen
369 4081 442 4136 iiber
481 4079 583 4136 latein.
622 4074 955 4149 Spraehwissensohuft‚
994 4090 1052 4129 neu
1086 4071 1253 4128 bearbsitet

186 4187 213 4226 v.
242 4171 377 4225 Suhmalz
406 4189 434 4228 u.
459 4170 618 4242 Landgraf,
648 4188 676 4224 n.
705 4171 766 4224 613.
815 4165 952 4232 KoehIer,
992 4167 1059 4221 Aut.
1083 4164 1203 4234 Erlung.
1228 4164 1250 4220 Ι.

185 4280 213 4334 p.
232 4261 293 4318 447.
315 4262 473 4330 Kruetsuh,
501 4263 519 4317 l.
540 4279 563 4319 ο.
583 4280 611 4334 p.
630 4263 664 4318 67
684 4279 728 4334 sq.
747 4258 908 4330 Landgraf,
942 4256 1001 4313 Cio,
1030 4255 1118 4311 Rosa.
1138 4257 1204 4310 Am.
1223 4273 1252 4327 p.

185 4355 239 4410 215
257 4372 300 4428 sq.
942 4377 948 4392 ·
