3214 5062
659 499 839 562 ..35-

216 671 319 740 ditum
342 679 373 737 et
393 673 573 758 perditum
598 674 744 739 similiter
766 677 800 744 in
824 675 941 744 Heaut.
967 674 1031 738 568
1046 696 1146 758 quom
1169 677 1282 742 immo-

216 781 324 865 destus
346 803 447 866 quom
468 786 631 850 molestas.
1080 851 1082 855 .
1145 799 1148 803 ’
1188 845 1193 857 .

323 889 394 955 Iam
427 893 467 956 ad
501 894 603 958 multo
640 893 791 958 maiorem
816 893 1038 978 exemplorum
1073 899 1197 978 partem
1231 915 1282 959 ao·

217 1001 381 1083 <redamus²
413 1004 446 1065 in
482 1002 602 1086 quibus
627 1021 734 1086 neque
768 1003 937 1067 slliteratio
970 1021 1075 1088 nsque
1099 1003 1282 1068 homoeote-

217 1111 329 1191 leuton
351 1112 447 1177 inest.
495 1109 598 1198 Saepo
623 1111 763 1201 formula
786 1111 889 1175 bonus
911 1118 943 1176 et
964 1131 1082 1198 aequos
1117 1112 1282 1176 scribitur.
1318 1153 1321 1158 ι

218 1217 336 1282 Heaut.
357 1219 422 1288 642

376 1305 436 1414 qui
451 1332 740 1418 aequaturusque
759 1331 879 1396 bonam
895 1334 989 1414 atque
1002 1349 1136 1416 aequom
1157 1327 1280 1392 ‘solunt

217 1435 282 1500 Hie
306 1437 369 1501 duo
394 1438 491 1503 verba
515 1440 585 1504 loeo
609 1439 805 1506 substantivi
838 1441 902 1521 legi
925 1445 956 1503 et
986 1458 1085 1502 unam
1120 1439 1281 1500 notionem

218 1545 336 1610 habere
353 1547 551 1631 significatur
569 1568 606 1613 oo
620 1550 706 1636 quod
721 1549 857 1614 voellus
879 1548 1083 1640 respondent.
1129 1546 1283 1612 Similiter

218 1654 268 1719 Pl.
293 1654 380 1720 Men.
417 1655 480 1728 578
517 1659 577 1740 qul
608 1679 711 1742 nequo
743 1660 822 1745 loyes
854 1679 957 1740 oreque
989 1678 1128 1740 aequom
1164 1655 1283 1719 borram

217 1784 360 1846 usquam
382 1765 499 1831 solunt.
552 1767 673 1832 Ceteris
696 1770 728 1832 in
752 1769 908 1853 exemplis
932 1765 1137 1832 Terentianis
1159 1785 1284 1847 nequas

223 1874 303 1939 bono
322 1894 450 1959 semper
476 1879 646 1945 antecedit.
692 1875 813 1944 Heaut.
840 1877 903 1940 788

370 1984 476 2068 nequi
504 1984 642 2070 bonique
665 1986 760 2069 fooo'o.

219 2092 313 2156 Phor.
337 2092 400 2155 451

377 2207 545 2287 aequomst
567 2209 596 2268 et
619 2203 749 2272 bonum.

218 2310 313 2374 Phor.
339 2311 400 2374 631
419 2386 422 2394 ,

235 2511 238 2518 Ι
378 2420 526 2502 aliquam
549 2427 677 2506 portem
699 2421 801 2506 aequi·
819 2420 954 2504 bonique
975 2419 1107 2486 disens.
1196 2509 1200 2520 a

221 2529 314 2596 Adel.
341 2530 384 2592 64

380 2645 426 2704 est
447 2641 553 2704 durus
570 2647 701 2726 praetor
723 2621 919 2725 aequomque
941 2645 970 2704 el
993 2638 1122 2706 bouum.

219 2748 311 2815 Adel.
337 2749 399 2812 987
445 2769 448 2778 ’

377 2858 414 2922 id
434 2879 502 2922 oron
525 2859 602 2942 liert
627 2878 667 2926 ex
694 2880 768 2923 vera
790 2860 857 2923 olto
879 2857 1079 2944 usqueadeo
1110 2875 1151 2922 aar
1183 2875 1284 2938 aequo

644 2974 672 3036 et
696 2967 813 3041 boreali

220 3075 374 3140 Formnla
401 3076 521 3140 bonum
551 3096 748 3161 aequomque
780 3096 854 3140 oros
890 3077 1055 3140 invenitur
1089 3075 1184 3144 Most.
1211 3074 1285 3153 682,

219 3186 291 3250 Per.
316 3186 390 3266 399,
414 3184 497 3252 Rud.
537 3183 610 3250 184.
657 3186 762 3251 Cures
785 3184 827 3249 65
860 3206 962 3268 nequo
997 3184 1172 3268 quiequam
1206 3203 1285 3277 queo

219 3296 320 3378 aequi
336 3295 475 3378 boniqm
490 3295 531 3358 ob
547 3315 581 3360 oo
596 3296 776 3380 impetrare.
822 3295 1022 3379 Frequenter
1038 3294 1164 3358 duobus
1179 3292 1286 3356 verbis
1399 3353 1421 3380 ,

222 3407 420 3489 superlative
456 3403 560 3470 utitur
587 3405 720 3470 Plautus
755 3407 789 3468 in
813 3405 950 3468 formula
983 3410 1154 3500 optumam
1191 3407 1287 3492 atquo

326 3567 359 3646 ’1)
381 3580 428 3635 Ex
458 3578 507 3634 his
526 3581 670 3652 exemplis
697 3579 833 3638 videmus
851 3577 1023 3642 Terentium
1052 3575 1166 3632 duobus
1184 3575 1285 3636 verbis

218 3688 379 3743 numquam
398 3671 548 3730 α’σιψὸέτωε
565 3672 619 3736 uti,
638 3687 732 3742 neque
751 3669 893 3740 intellego
912 3686 998 3740 quam
1017 3673 1053 3723 ob
1073 3683 1135 3722 ram
1155 3667 1228 3722 Brix
1246 3663 1285 3722 ad

219 3763 359 3820 Maniolai
369 3770 456 3820 notet
466 3769 591 3837 ‘aequom
602 3764 704 3820 honuni
714 3760 872 3818 stehendss
880 3759 1073 3832 Asyndeton'‚
1084 3775 1151 3814 eum
1159 3759 1286 3814 Plautus

218 3851 361 3910 hocloco
380 3855 443 3911 solo
462 3855 562 3912 verbis
580 3854 730 3912 ἄσυνδέτως
747 3859 859 3916 utatur,
878 3858 909 3908 st
926 3851 1007 3923 apud
1024 3849 1102 3906 alios
1124 3850 1285 3923 scriptores

218 3945 312 4004 verba
329 3946 586 4002 coniunctionibus
604 3945 782 4018 copulativis
805 3951 859 4000 ant
876 3943 1066 4000 disiunctivis
1082 3941 1287 4014 coagmentari

219 4037 342 4094 soleant.
370 4039 445 4095 Post
462 4038 602 4094 Plautum
621 4038 723 4094 Cicero
744 4037 923 4093 locutionem
942 4034 988 4090 bis
1005 4034 1154 4098 ἀσυνὸἑτως
1172 4033 1285 4101 scribit,

222 4120 502 4201 Phi1.119'4‚r0p.
524 4132 567 4201 66,
586 4129 692 4184 deinde
710 4128 821 4183 Paulus
848 4128 892 4199 47,
914 4129 954 4192 10,
974 4129 1016 4182 18.
1053 4126 1097 4182 De
1125 4113 1285 4182 locut-ionis

221 4235 279 4275 usn
308 4220 342 4274 ef.
363 4221 473 4277 Prsuss
501 4221 520 4279 l.
540 4238 564 4275 o.
580 4239 610 4292 p.
631 4221 724 4276 nost
740 4220 924 4276 Thesaurnm
941 4217 1064 4288 linguae
1084 4217 1211 4274 Latinae
1230 4218 1285 4272 snb

221 4311 336 4383 Aequus
354 4312 406 4367 IV.
935 4331 937 4336 ’
1092 4327 1094 4332 ·

1076 4420 1112 4476 3*
