3214 5062
174 705 276 768 genus
313 685 439 749 dicendi
470 686 637 768 accedunt,
660 685 767 750 verbis
795 704 868 749 oum
899 686 1131 768 praepositione
1155 704 1240 750 com-

109 837 110 841 =
174 795 288 878 positis
312 795 465 860 adverbis
487 796 573 860 idem
596 796 663 859 fere
686 815 722 858 se
746 797 939 880 praepositio
954 795 1095 858 valentia
1118 795 1239 859 addun-

175 913 239 986 tur,
273 906 368 969 cuius
400 925 481 971 usus
516 906 601 989 apud
632 905 816 970 Terentium
846 906 924 969 haec
954 909 1029 969 sunt
1053 902 1239 988 exempla.¹)

105 1024 107 1027 ·
178 1013 264 1088 And,
290 1015 467 1080 238-239

335 1161 469 1209 acorem
481 1144 622 1207 decrerat
633 1143 709 1207 clare
720 1163 785 1207 sese
798 1142 847 1206 mi
857 1142 963 1208 hodie:
976 1163 1084 1206 ponae
1100 1143 1241 1226 oportuit

330 1254 509 1336 praescisse
548 1274 599 1317 me
621 1253 733 1320 ante?
780 1273 889 1317 aenne
922 1253 1021 1337 prius
1060 1254 1239 1318 eommuni-

605 1367 714 1426 catem
737 1363 900 1446 oportuit?

178 1471 379 1554 Frequenter
412 1477 486 1536 ante
520 1471 628 1536 verbis
656 1491 729 1535 cum
748 1493 831 1554 prae
859 1473 1042 1556 compositis
1072 1463 1241 1555 additur‚²)

178 1581 264 1663 quod
296 1601 336 1645 ne
371 1581 500 1646 Tacitus
536 1581 667 1666 quidem
696 1583 827 1664 sprevit.
882 1581 928 1648 Of.
964 1581 1045 1646 Diei.
1084 1583 1177 1658 18,9
1212 1583 1242 1648 si

177 1690 261 1754 ittad
281 1696 356 1754 arcte
374 1688 607 1776 pr·aecticcero.⁸)
665 1689 769 1753 Simili
807 1691 967 1756 locutione
999 1693 1102 1756 utitur
1125 1691 1243 1756 Lucre·

178 1802 244 1864 tius
271 1800 304 1864 V
330 1802 481 1864 leel-2
511 1806 585 1864 areta
616 1799 692 1863 Nora
721 1801 866 1884 quierint
896 1803 1007 1866 animo
1034 1801 1242 1885 praesentire.

178 1909 327 1982 Plautus,
361 1910 479 1975 Pseud.
504 1910 569 1972 408
593 1908 849 1993 (Gaetu-Schoell
872 1913 921 1978 ed.
946 1907 1038 1994 min.)
1066 1911 1244 2002 praesensit

176 2019 276 2102 prius
309 2019 427 2084 scribit
484 2019 579 2101 Apud
603 2009 789 2083 Terentium
820 2023 940 2087 locutio
962 2021 1142 2108 praescisse
1169 2027 1243 2086 ante

180 2149 244 2192 non
275 2135 393 2193 temere
425 2129 528 2210 posita
563 2134 610 2192 est
639 2128 695 2192 sed
726 2148 767 2192 ex
798 2148 935 2213 persona
975 2130 1192 2196 adulescentis
1224 2153 1243 2195 e

180 2245 270 2322 petre
294 2257 429 2302 uxorem
453 2243 518 2301 tam
542 2238 649 2302 subito
674 2240 790 2303 ducere
806 2240 885 2303 iussi
906 2245 980 2322 apte
1004 2241 1109 2307 dueta.
1157 2239 1241 2316 Quid

182 2348 268 2431 quod
292 2348 461 2430 sequeutia
486 2367 625 2432 quoque,
650 2349 769 2432 quibus
793 2349 905 2412 eadem
929 2352 1079 2434 cogitatio
1099 2352 1243 2432 iteratur,

181 2459 275 2541 qussi
296 2459 463 2522 inhaerere
487 2458 602 2522 docent
625 2459 828 2542 Pamphilum
852 2460 976 2523 notioni
998 2460 1045 2523 illi
1069 2461 1118 2524 bis
1141 2480 1242 2525 enun-

180 2567 284 2632 tiatae.

288 2676 396 2740 Verba
417 2681 543 2760 praesto
562 2677 673 2740 v(estesse
696 2667 942 2760 coniunguntur
964 2677 1049 2743 Eun.
1076 2681 1160 2744 1050

341 2786 396 2849 sed
417 2787 504 2851 ubist
525 2785 648 2867 frater?
666 2792 795 2871 praesta
818 2786 915 2850 adest.

184 2896 306 2961 Ceteris
332 2896 411 2959 locis
434 2895 601 2960 Terentius
620 2901 748 2981 praesta
772 2916 845 2961 cum
880 2898 1018 2980 simplici
1048 2899 1146 2963 verbo
1179 2921 1243 2964 esse

182 3005 319 3090 copulat.
368 3003 415 3072 Of.
443 3006 536 3098 Phor.
565 3008 617 3088 51,
633 3007 708 3087 267,
726 3007 799 3088 561,
828 3005 947 3071 Heaut.
973 3009 1051 3074 172:
1088 3009 1121 3072 iu
1146 3010 1241 3077 Phor.

182 3115 357 3178 266-267
382 3116 470 3179 adest
492 3120 523 3180 et
545 3121 699 3199 praestast
722 3116 816 3198 piane
840 3117 923 3180 idem
949 3119 1070 3182 valent:

342 3242 394 3306 tria
409 3243 446 3306 io
462 3242 601 3325 nosmet,
617 3242 669 3308 itte
685 3245 728 3307 ad
743 3231 977 3326 ¹defendendam
992 3267 1125 3312 eausam
1140 3249 1242 3313 adest:
1308 3284 1312 3293 ·

341 3373 438 3436 qaam
461 3354 551 3437 illest,
575 3352 628 3417 hie
650 3358 812 3437 praestost.

286 3665 310 3732 1)
334 3664 369 3717 In
388 3664 531 3735 exemplis
557 3662 747 3720 Terentianis
771 3663 932 3720 efferendis
952 3665 1085 3722 editione
1104 3668 1243 3740 Tyrrellii

181 3751 385 3820 030111119θῖ,
404 3760 480 3812 uter.

285 3863 313 3932 2)
332 3861 390 3918 Vix
408 3868 455 3918 est
473 3863 550 3935 quod
568 3881 704 3920 moneam
721 3864 781 3920 huc
799 3882 859 3920 non
873 3864 1020 3919 trahenda
1032 3881 1097 3921 esse
1109 3864 1244 3936 exempla

180 3953 282 4023 qualia
311 3959 381 4008 sunt
409 3955 562 4012 Ciceronis
589 3955 625 4011 de
654 3955 721 4014 Div.
750 3955 773 4012 Ι,
805 3957 857 4012 128
881 3965 964 4029 atque
985 3964 1015 4013 at
1034 3957 1059 4011 et
1081 3998 1088 4010 .
1107 3997 1115 4012 .
1135 3998 1141 4016 .
1159 3959 1244 4010 matta

182 4049 247 4100 ante
262 4046 441 4114 praedicent,
454 4047 490 4104 de
510 4049 614 4104 sentit
633 4065 718 4120 qaam
737 4047 895 4103 delectabat
914 4066 973 4104 eam
993 4048 1160 4124 defectiones
1178 4046 1244 4103 sotis

178 4145 206 4192 et
225 4141 309 4193 tanae
326 4139 411 4195 mutto
441 4148 505 4195 ante
522 4140 603 4196 nodis
618 4140 792 4208 praedicere,
808 4139 860 4194 ubi
878 4141 963 4197 mutto
983 4151 1048 4198 ante
1065 4140 1155 4196 verbo
1170 4156 1245 4210 prae

180 4228 283 4283 addite
298 4245 407 4285 novem
427 4232 578 4288 notionem
597 4231 735 4286 afferunt.

285 4341 313 4410 3)
333 4339 450 4396 Similia
469 4339 622 4412 congessit
642 4339 796 4395 Gudeman
815 4339 853 4394 ed
872 4340 978 4395 locum.

1046 4451 1079 4503 1*
