3214 5062
777 463 953 523 „56-

329 641 358 700 et
380 635 558 706 silentium.
595 642 638 704 48
661 639 791 725 fautrix
812 637 1027 721 adiutrixque.
1086 639 1189 716 Quam
1213 641 1397 723 frequenter

328 744 497 812 Terentius
524 749 598 814 aliis
626 748 740 833 figuris
763 750 796 812 in
819 748 960 832 prologis
984 767 1065 814 usus
1089 750 1133 814 sit
1156 748 1298 814 ostendit
1320 746 1393 829 Leo,

330 855 485 920 Analecta
509 856 660 923 Plautina
682 856 716 922 11
739 878 768 943 p.
795 856 836 920 14
859 877 929 941 sqq.

331 962 417 1028 Eun.
442 966 506 1031 300

471 1073 601 1142 tadum
622 1075 787 1158 iocumque
808 1075 887 1142 dicit
908 1072 1012 1157 fuisse
1033 1073 1126 1142 ittam
1149 1073 1297 1142 atterum.

331 1181 438 1249 Verba
461 1183 573 1251 tadum
595 1184 701 1251 iocum
723 1184 853 1269 copulat
863 1184 999 1249 Plautus
1023 1182 1100 1267 Gap.
1120 1184 1195 1267 770,
1214 1183 1306 1251 Most.
1321 1184 1394 1264 864,

329 1292 446 1358 Pseud.
471 1290 524 1372 66,
547 1291 639 1358 Truo.
666 1294 739 1360 108.
785 1294 824 1359 In
848 1293 934 1360 Eun.
960 1293 1091 1356 ers-9
1475 1299 1485 1308 '

766 1403 936 1491 (amorem)
961 1400 1084 1484 confeci
1105 1401 1178 1467 siae
1199 1400 1350 1479 molestia,

488 1509 561 1573 siae
581 1515 724 1595 camptu,
747 1513 823 1577 aine
842 1510 1022 1596 dispendio.

330 1637 395 1684 vox
418 1617 489 1684 eina
523 1619 665 1685 moustio
693 1626 814 1704 spectat
849 1621 890 1686 ad
926 1620 1122 1684 adiectivnm
1154 1617 1396 1702 difficillumum

330 1730 480 1792 inversu
505 1727 579 1810 926,
613 1728 696 1794 duae
728 1721 917 1800 uoces-siue
948 1735 1090 1814 sumpta,
1121 1728 1195 1793 stne
1228 1728 1395 1815 dispendio

330 1837 372 1901 ad
394 1835 621 1904 carissumum.

435 1946 552 2012 Notavi
566 1946 751 2013 Terentium
775 1950 968 2030 synonymis
991 1946 1076 2011 binis
1100 1947 1270 2014 abstractis
1293 1949 1394 2014 molto

329 2056 456 2140 saepius
479 2075 577 2140 quam
602 2058 761 2122 concretis
784 2058 843 2123 uti.
889 2055 929 2120 ln
953 2055 1037 2124 Eun.
1061 2055 1125 2120 937

485 2165 606 2231 harum
627 2167 734 2232 uidere
754 2164 913 2230 inluviem
936 2165 1044 2230 cordae
1066 2165 1227 2250 inoptam,

326 2275 457 2340 nomina
479 2275 638 2340 inluviem
659 2277 776 2359 cordes,
811 2293 895 2359 quae
918 2274 1186 2356 significationem
1209 2279 1394 2338 concretam

326 2382 465 2449 rotinere
498 2384 662 2463 sidentur,
700 2405 778 2451 cum
810 2386 969 2449 abstracto
1003 2383 1153 2468 inoptam
1190 2382 1393 2466 copulantur.

328 2490 469 2557 Nomina
504 2513 587 2576 quae
614 2495 685 2559 esse
713 2501 862 2560 concreta
895 2495 1001 2559 solent
1034 2492 1197 2558 interdum
1233 2490 1393 2575 significa·

329 2602 451 2666 tionem
475 2602 671 2671 abstractam
692 2603 858 2686 praebent.
904 2604 998 2671 Phor.
1021 2601 1088 2668 473

488 2727 551 2792 quo
573 2730 652 2774 uam
676 2709 713 2775 ia
736 2711 800 2776 loeo
822 2717 901 2777 suut
923 2733 974 2776 rae
997 2717 1025 2778 et
1044 2712 1198 2798 fortunae
1222 2710 1329 2775 meaa?

329 2817 368 2885 ci.
392 2817 441 2882 Pl.
464 2815 549 2885 Rud.
574 2820 640 2883 674
662 2820 718 2884 ced
739 2839 830 2886 aune
851 2841 885 2886 aa
904 2827 941 2886 ut
956 2821 1075 2909 ferunt
1098 2841 1150 2886 roe
1184 2820 1397 2903 fortunaeque

327 2931 465 2996 nostrae.
511 2927 597 2998 Eun.
622 2931 689 2994 234

401 3090 404 3096 .
489 3038 738 3120 quoadum'mei
760 3039 820 3104 loci
842 3091 851 3110 .
872 3087 880 3104 .
904 3044 1000 3123 atque
1022 3037 1160 3103 ordinis.

434 3144 602 3212 Interdum
634 3167 672 3212 ea
695 3150 827 3213 nomina
847 3167 932 3233 quae
956 3150 1022 3212 vim
1045 3149 1238 3214 adiectivam
1272 3147 1391 3212 habent

328 3255 459 3338 copulat
488 3255 663 3321 Terentius
699 3263 735 3322 ut
762 3259 925 3322 hominem
967 3258 1126 3342 designet.
1183 3256 1394 3322 Substantiva

326 3363 453 3430 amaus
477 3373 508 3432 et
530 3366 676 3452 aequatio
698 3365 920 3453 copulanturl)
966 3366 1086 3435 Heaut.
1103 3368 1167 3430 417

487 3475 565 3542 item
588 3481 627 3541 at
647 3475 758 3560 fitium
781 3496 891 3542 meum
923 3477 1029 3542 amieo
1058 3483 1151 3561 atque
1173 3472 1302 3559 aequali
1335 3493 1395 3537 suo

488 3587 578 3653 uideo
597 3584 760 3650 'inservire

328 3692 367 3758 cf.
406 3693 500 3759 Adel.
529 3679 671 3758 ‘noe-6
714 3699 864 3760 nostram
903 3695 1048 3761 uacuum
1089 3712 1188 3758 noras
1227 3691 1395 3758 Simulum

326 3803 510 3885 aequatem?
543 3803 599 3868 ubi
627 3805 789 3888 aequatem
815 3805 880 3867 vim
912 3805 1104 3870 adiectivam
1126 3802 1266 3866 retinere
1291 3801 1391 3864 vides.

328 3909 375 3974 Gi.
400 3910 467 3980 Cic.
490 3911 575 3977 Iael,
591 3916 631 3978 32
656 3913 758 3980 amici
779 3917 858 3979 aaut
876 3933 973 3996 pares
995 3912 1034 3976 ta
1056 3930 1167 3977 umore
1189 3917 1219 3976 et
1240 3911 1394 3995 aequales,

330 4019 387 4092 ubi
420 4023 566 4106 aequatae
599 4043 692 4108 pares
729 4025 764 4088 in
798 4026 902 4087 aetate
930 4041 995 4086 non
1031 4019 1200 4104 significat,
1241 4020 1275 4084 id
1308 4019 1393 4104 quod

436 4272 463 4339 1)
482 4269 528 4328 Gt.
550 4268 621 4336 Leo,
637 4267 846 4327 Plautinische
863 4267 1080 4340 Forschnngen
1098 4285 1127 4342 p.
1146 4271 1208 4326 116.
