3214 5062
785 507 964 570 ..63-

338 681 484 746 ubertate
508 680 661 746 Plautino
683 697 838 765 pugnare,
862 677 926 744 Leo
951 678 1046 746 Anel.
1069 677 1175 748 Plaut.
1194 681 1230 745 II
1242 703 1273 767 p.
1288 684 1411 769 14sqq.

341 791 482 857 ostendit
515 797 712 874 quantopere
742 788 911 856 Terentius
947 789 1140 872 synonymis
1175 793 1409 876 antithetisquo

341 901 374 963 in
414 899 556 984 prologis
586 918 663 965 usus
688 901 739 966 sit.
794 897 868 964 Non
907 900 1013 964 solnm
1053 902 1160 962 eutem
1198 903 1232 964 in
1265 903 1407 986 prologis

225 1073 228 1079 ,
341 1008 399 1071 ubi
432 1012 547 1071 ‘orator
581 1010 669 1082 uenit
703 1012 820 1073 ornatu
852 1005 984 1092 prologi
1019 1012 1087 1073 erte
1122 1008 1280 1078 rhetorica
1313 1017 1406 1093 poeto

343 1117 444 1204 utitur
482 1115 539 1180 sed
575 1135 670 1202 saepe
713 1119 748 1180 in
788 1117 966 1198 monologis
1007 1117 1183 1184 ¹verborum
1231 1119 1407 1184 cumulatio

342 1224 531 1308 figuraeque
550 1226 772 1306 inueniuntur,
802 1228 859 1308 qui
892 1227 980 1308 quod
1000 1226 1041 1290 ad
1061 1227 1242 1298 orationum
1266 1229 1406 1311 speeiem

344 1334 482 1417 quodem
527 1336 621 1400 modo
665 1355 701 1401 se
739 1334 910 1418 applicent,
953 1337 1110 1400 sermonis
1152 1336 1293 1402 indolem
1340 1351 1406 1400 non

344 1443 507 1524 exhibent,
534 1463 598 1510 non
629 1452 678 1509 est
703 1445 788 1527 quod
811 1445 977 1512 miremur.
1023 1445 1233 1528 Monologum
1258 1443 1406 1510 Minionis

344 1557 447 1616 totum
471 1552 612 1618 offeram.
656 1551 754 1619 Adel.
779 1555 820 1617 26
845 1573 918 1638 sqq.
1002 1615 1008 1628 ,

505 1679 641 1749 Sturum!
675 1703 741 1750 non
765 1683 862 1749 rediit
884 1683 1058 1750 hoo'noote
1081 1703 1100 1748 n
1124 1699 1203 1750 oeno
1228 1681 1407 1749 Aeschinus

504 1809 605 1876 neque
659 1793 854 1859 servolorum
904 1793 1081 1876 quisquam,
1134 1793 1191 1876 qui
1234 1781 1407 1858 advorsum

693 1936 709 1950 »
768 1901 906 1967 inerant.
1141 1913 1143 1920 ’

438 2023 441 2028 ’
501 2010 646 2092 profesto
668 2012 728 2076 hoe
750 2031 822 2076 uere
844 2011 976 2076 dieunt:
1000 2011 1034 2076 ei
1056 2009 1159 2076 nisis
1181 2010 1333 2094 uspiam
1355 2021 1357 2026 '

505 2123 573 2184 ont
594 2118 650 2183 iii
673 2119 707 2184 si
730 2130 861 2201 cesses,
885 2113 1012 2186 euenire
1034 2140 1072 2185 eo
1095 2119 1267 2186 sotius'est

451 2271 454 2278 ·
505 2244 600 2310 quae
635 2229 670 2294 in
703 2233 733 2294 te
765 2238 852 2294 nnor
883 2229 982 2295 dieii
1014 2233 1044 2294 et
1076 2243 1173 2310 quoe
1206 2227 1248 2294 in
1278 2227 1408 2293 animo

766 2338 911 2424 ooyitot
1091 2350 1095 2356 ’
1203 2330 1206 2335 ’

506 2446 738 2528 irntn'qnnm
755 2447 818 2519 iiio¹
836 2465 917 2530 quoe
934 2452 1088 2530 parentes
1107 2439 1288 2529 propitii.
1367 2446 1406 2506 31

348 2573 350 2578 ·
443 2595 445 2601 =
506 2576 601 2631 uxor,
625 2555 784 2637 sicessos,
808 2561 877 2622 ont
898 2561 928 2622 u
945 2567 1082 2623 'umore
1105 2547 1232 2640 eoqitui.

507 2669 575 2730 ont
590 2670 648 2730 tete
664 2665 790 2731 umori
812 2671 882 2731 out
901 2671 1015 2750 potore
1033 2670 1126 2748 utque
1145 2664 1256 2730 animo
1276 2661 1409 2745 obsequi,

506 2776 536 2837 et
557 2773 631 2839 tihi
653 2773 741 2840 bene
765 2793 830 2839 esse
853 2775 922 2849 soli,
946 2771 1023 2840 sibi
1046 2795 1140 2856 quom
1164 2773 1206 2838 sit
1228 2772 1333 2838 maie.
1381 2817 1401 2824 --

508 2901 563 2966 eqo
586 2882 665 2966 quin
683 2903 755 2949 —non
777 2881 875 2949 rediit
891 2882 992 2964 nitus
1014 2905 1111 2968 quoe
1138 2880 1284 2968 contio!
1297 2879 1298 2882 ’
1369 2882 1410 2942 35

506 2992 645 3072 quibus
679 3011 783 3059 nune
815 2991 1011 3058 sollicitor
1038 2989 1169 3056 rebus!
1202 3005 1243 3056 ne
1266 2993 1337 3055 ont
1359 2987 1411 3053 ilie

772 3101 883 3167 nisenii

509 3210 727 3293 ouiuspiom
749 3211 898 3277 ceciderit
920 3215 987 3276 uni
1008 3209 1222 3294 proesreqerit

435 3369 436 3372 η
509 3317 644 3400 aliquid.
678 3318 750 3394 uuit,
785 3338 1019 3402 quemquamne
1051 3318 1212 3385 hominem
1234 3317 1272 3382 in
1301 3315 1412 3383 animo

775 3429 987 3495 instituere
1011 3431 1069 3492 out

502 3555 651 3618 panone
673 3537 759 3620 quod
781 3537 824 3603 sit
846 3537 956 3603 narius
978 3557 1077 3620 quom
1098 3533 1167 3619 ipse
1190 3540 1236 3600 en
1260 3532 1338 3599 sibi!

510 3651 606 3728 utque
633 3667 677 3712 en
699 3667 752 3712 me
773 3647 826 3712 itio
840 3652 940 3713 notus
961 3665 1029 3712 non
1053 3650 1107 3720 est,
1131 3645 1185 3710 sed
1208 3665 1252 3710 en
1274 3643 1411 3722 fratre.

772 3757 801 3820 is
823 3776 891 3820 meo
981 3799 983 3802 -
1112 3769 1114 3774 ’

510 3865 662 3931 dissimili
685 3865 820 3932 studiosi
842 3867 909 3931 ium
931 3864 1007 3929 inde
1030 3862 1068 3928 nb
1091 3861 1346 3928 adulescentium
1371 3859 1413 3920 41

355 4025 357 4032 ,
487 3954 575 4154 §eqo
598 3977 683 4041 nuno
714 3975 932 4041 elementem
954 3969 1074 4038 vitam
1103 3971 1294 4037 urbanam
1321 3973 1416 4051 utque

486 4157 494 4190 x
831 4084 948 4149 otium
1011 4121 1013 4126 ·

488 4195 638 4365 (secutus
661 4213 733 4258 sum
756 4197 795 4268 et,
819 4192 903 4275 quod
925 4192 1133 4275 fortunatum
1155 4188 1211 4254 isti
1223 4191 1360 4270 nutant,

512 4321 645 4368 unorem
657 4299 954 4383 numqnomhobui.
970 4299 1037 4366 iiie
1052 4303 1191 4365 eontra
1205 4292 1415 4362 haecomnia:
