3214 5062
644 531 823 590 ..67-

287 754 298 768 ,,
324 706 386 768 189
439 716 453 761 ·=³
532 729 533 733 ’

203 706 286 772 Adel
362 813 391 879 oi
414 812 606 896 mitt-actu
625 811 773 895 facium?
806 811 883 896 putu
906 790 1021 898 adam?
1044 811 1268 896 quiddamem

244 949 250 998 j
602 937 606 946 '
634 927 691 988 out
714 919 878 1006 queror?

278 1067 280 1072 ·
313 1031 360 1094 01.
384 1031 472 1097 And.
498 1031 585 1112 170,
595 1021 670 1112 343,
692 1032 768 1112 404,
791 1031 865 1094 457.
901 1029 1018 1097 Heaut.
1045 1029 1186 1114 61-62,
1203 1033 1265 1096 251

205 1142 279 1224 562,
302 1141 376 1221 674,
402 1141 476 1207 919.
522 1139 608 1205 Eun.
633 1138 707 1222 294,
741 1138 881 1218 ose-6,
918 1139 1057 1220 nto-e,
1093 1141 1166 1220 643,
1190 1139 1266 1224 650,

205 1249 279 1329 066,
316 1247 412 1318 1007.
458 1249 554 1315 Phor.
592 1247 665 1326 192,
700 1249 776 1325 234,
812 1245 887 1315 728.
934 1248 1015 1318 Heo.
1052 1250 1127 1314 715.
1171 1249 1266 1313 Adel.

204 1360 280 1439 485,
301 1358 442 1439 670-1,
467 1359 543 1441 883,
566 1359 640 1424 885.
686 1357 848 1422 Similiter
861 1360 1021 1441 particula
1040 1361 1269 1442 interrogativa

205 1470 276 1533 siue
309 1466 408 1531 verbo
427 1468 527 1531 dieta
559 1462 891 1551 interrogatiunculae
924 1466 1063 1531 additur.
1110 1466 1157 1538 uf.
1181 1467 1268 1532 And.

207 1578 281 1642 979.
306 1576 392 1642 Eun.
418 1575 491 1642 050.
516 1576 613 1646 Phor.
638 1578 713 1654 704,
736 1576 800 1643 Ad.
825 1575 898 1658 186,
921 1576 996 1659 677,
1020 1577 1091 1640 772.

262 1751 263 1754 ,
294 1684 402 1750 'Haec
425 1703 508 1770 quae
531 1687 699 1769 composui
721 1685 868 1768 exempla
891 1687 1067 1750 ostendunt
1086 1684 1269 1751 Terentium

206 1795 402 1861 abundantia
425 1787 525 1878 quae}
539 1813 581 1859 ex
609 1796 811 1879 copulatione
834 1793 1075 1864 ¹vocabulorum
1097 1792 1270 1858 bimembri

206 1905 329 1969 orietur
352 1922 446 1987 saepe
469 1891 528 1968 nti.
564 1902 644 1968 Cum
668 1909 774 1966 eutem
799 1919 869 1966 rem
892 1901 1019 1966 duobus
1042 1901 1151 1968 verbis
1174 1922 1269 1985 quam

206 2015 393 2098 simpliciter
409 2031 572 2096 exponere
587 2012 772 2097 frequenter
793 2008 959 2096 praeterat,
982 2011 1135 2076 inanibus
1158 2010 1268 2076 verbis

206 2142 278 2187 raro
303 2103 415 2203 utitur,
439 2123 495 2198 sed
520 2122 561 2186 ad
584 2123 757 2196 utilitatem
781 2119 960 2186 sententiae
982 2121 1081 2186 verba
1114 2123 1159 2185 ita
1193 2139 1268 2185 cou-

206 2233 312 2315 iungit
335 2239 371 2298 ut
393 2231 591 2297 abundantia
618 2250 683 2296 non
711 2230 755 2302 sit
784 2230 1032 2313 reprehensione
1059 2232 1167 2315 digna.
1215 2229 1267 2293 Ex

207 2341 364 2424 exemplis
387 2341 494 2406 allatis
517 2340 666 2406 videmus
688 2339 874 2404 Terentium
908 2357 1002 2422 saepe
1037 2338 1147 2404 cadem
1171 2357 1269 2424 syno-

207 2469 307 2531 nyme
327 2461 414 2532 ,quae
437 2443 586 2537 Plautum
615 2449 824 2539 coniungere.
870 2445 1033 2512 Plurimae
1060 2454 1169 2514 temen
1193 2465 1269 2512 con·

206 2560 390 2624 iunctiones
414 2557 611 2630 bimembres
634 2556 752 2640 quibus
775 2555 913 2629 Plautus
934 2559 1134 2642 saepissime
1166 2558 1271 2622 utitur

206 2678 387 2751 numquam
410 2667 496 2751 apud
513 2665 707 2739 Terentium⁴
721 2667 945 2757 inveniuntur.
992 2666 1143 2750 Exempli
1171 2685 1268 2730 causa

207 2795 348 2849 memoro
371 2775 540 2850 formulam
577 2780 667 2844 uetus
694 2777 843 2860 unt'quoe
868 2795 965 2859 quum
987 2775 1125 2842 Plautus
1160 2774 1268 2840 scribit

206 2889 281 2950 Am.
311 2885 384 2966 118,
419 2884 486 2948 Mil.
515 2885 588 2960 751,
631 2883 727 2950 Most.
751 2883 827 2966 476,
861 2883 935 2950 Per.
971 2886 1022 2968 53,
1056 2885 1156 2948 Poen.
1193 2883 1268 2964 978,

204 2995 293 3059 ibin.
318 2994 396 3076 381;
427 2993 583 3060 domuum
620 2992 792 3078 1149111014,
830 2991 906 3060 Bac.
946 2993 1019 3075 376,
1061 2994 1135 3076 378,
1169 2992 1264 3075 1032,

206 3104 305 3172 Mero.
338 3102 413 3184 237,
451 3103 523 3183 784,
560 3101 676 3166 Pseud.
712 3102 789 3166 440.
835 3099 978 3167 Maxime
1011 3111 1097 3167 amat
1132 3103 1268 3168 Plautus

207 3232 390 3294 synonyma
428 3231 502 3278 cum
540 3211 751 3282 uiliteratioue
796 3212 915 3295 scriptu
961 3215 1166 3296 coniungere.
1219 3210 1266 3279 uf.

206 3323 315 3389 sulvus
349 3341 461 3398 eunus,
495 3319 555 3405 lip‘
587 3319 662 3402 563,
697 3319 795 3386 Mero.
822 3321 893 3404 174,
922 3321 997 3402 889,
1028 3321 1145 3387 Pseud.
1173 3320 1267 3402 1068,

208 3434 281 3496 Am.
307 3432 384 3514 7303
409 3431 514 3498 sulcos
537 3435 683 3497 14140104
705 3431 780 3494 Aul.
805 3430 879 3512 677,
914 3412 1001 3496 Trio.
1026 3430 1127 3515 1076,
1164 3431 1268 3498 sulcos

206 3559 310 3623 sospes
341 3538 419 3623 Cep.
446 3539 521 3619 873,
556 3537 640 3603 Rud.
666 3540 742 3603 631.
795 3538 984 3626 Numquam
1012 3540 1179 3606 Terentius
1212 3542 1269 3605 ad·

205 3651 360 3714 iectivum
389 3646 512 3730 lepidus
544 3665 618 3710 oum
651 3666 731 3712 voce
765 3648 865 3712 altera
899 3651 1067 3732 coniungit
1100 3648 1268 3734 (adverbia

206 3758 306 3842 lepide
329 3758 416 3823 laute
438 3755 523 3819 Eun.
547 3754 638 3836 427),
673 3754 721 3820 Pl.
746 3757 842 3823 Poen.
869 3758 954 3820 1108
985 3758 1090 3841 lapido
1118 3765 1148 3826 et
1175 3760 1267 3826 lauto

205 3868 277 3934 Per.
304 3865 368 3930 130
392 3864 497 3948 lepido
520 3869 550 3930 41
572 3863 713 3932 liberulis
734 3864 822 3934 Rud.
845 3867 910 3930 408
940 3873 978 3934 ut
1000 3867 1102 3952 lepide
1129 3872 1167 3933 ut
1195 3867 1268 3933 1104·

205 3976 329 4042 1411141.
386 3973 486 4040 Fides
521 3979 551 4040 41
583 3972 706 4055 fiducia
736 3976 814 4040 Aul.
850 3976 923 4057 586,
962 3977 1054 4045 Trio.
1085 3978 1158 4058 117,
1192 3977 1266 4041 142.

206 4085 256 4152 Cf.
279 4083 365 4148 Trio.
391 4083 492 4164 1096,Ι
514 4082 610 4146 1126.
643 4083 754 4151 Sentio
777 4090 806 4151 at
828 4087 893 4152 scio
916 4085 976 4171 Ep.
1001 4087 1076 4167 613,
1100 4085 1168 4150 Mil.
1193 4087 1268 4169 580,

205 4193 296 4258 Trin.
321 4191 397 4258 639.
716 4205 717 4210 ¹

313 4301 377 4367 Sed
415 4304 615 4384 'quamquem
655 4305 811 4369 modestia
844 4305 1034 4370 Terentiana
1074 4307 1155 4371 solet
1193 4326 1269 4370 cum

1074 4434 1108 4490 5*
