3214 5062
733 488 964 556 ,-40-

348 663 388 730 ei.
415 663 526 727 Plani.
563 661 677 727 Pseud.
713 660 777 723 309
811 663 905 742 atque
938 680 991 742 eye
1024 665 1051 723 ie
1084 659 1191 724 oioom
1225 661 1408 745 saioomque

347 773 467 838 vellem.
512 770 620 836 Verba
641 767 763 834 eaioom
785 775 879 852 alque
900 768 1046 833 validam
1071 767 1220 855 'copulet
1236 770 1407 836 Terentius

349 880 427 945 Hee.
452 879 516 944 457

359 967 361 975 ¹
692 987 767 1054 deae
789 987 914 1069 taedam
937 991 965 1050 ie
986 987 1161 1068 advenisse,
1185 987 1361 1071 Pamphili,

502 1096 600 1189 bique
621 1097 706 1174 adeo,
723 1129 725 1133 v
741 1097 777 1160 id
802 1096 889 1180 qaod
910 1103 1146 1179 moeremumst,
1169 1097 1290 1162 eaioom
1312 1103 1407 1182 atque
1461 1117 1464 1123 ·

771 1207 927 1270 validam.

341 1315 494 1381 'Fortasse
530 1315 705 1402 Phidippus
741 1316 863 1380 sairam
904 1297 987 1379 dieii¹
1014 1316 1100 1397 quod
1140 1315 1326 1400 Pamphilus
1360 1335 1405 1380 ex

348 1429 445 1489 meris
466 1425 617 1510 perieulis
629 1425 767 1506 redierit,
788 1423 930 1489 validam
955 1425 1041 1507 qnod
1060 1424 1143 1488 bone
1157 1425 1341 1490 valetudine
1355 1428 1404 1492 sit.

346 1533 392 1599 Oi.
427 1537 474 1600 Pi.
500 1538 572 1600 Am.
611 1533 672 1596 bel
705 1533 850 1616 equidem
889 1535 976 1597 valeo
1015 1539 1044 1598 et
1069 1535 1180 1598 salone
1213 1554 1289 1598 sam
1327 1539 1406 1599 reate

347 1655 378 1708 et
408 1665 440 1711 v,
480 1643 612 1708 nee—4
649 1643 704 1705 nbi
744 1643 936 1725 Amphitruo
972 1643 1142 1707 discrimen
1185 1643 1270 1707 inter
1308 1643 1405 1708 verba

343 1755 475 1843 videtur
497 1753 618 1819 faeere:

504 1888 537 1946 ai
559 1888 588 1947 ie
605 1897 665 1968 'eqo
687 1882 810 1966 faeiem
832 1883 922 1949 bodie
939 1882 1078 1966 proinde
1100 1902 1138 1946 aa
1160 1883 1294 1947 meritas
1317 1905 1348 1948 es

504 1992 677 2056 adoriaris
699 1993 806 2057 valeas
828 1999 857 2056 et
878 1992 977 2056 miser
998 1991 1054 2073 sie,
1088 1993 1193 2057 salvos
1220 1993 1352 2056 domum
1374 1992 1405 2056 si

763 2101 885 2166 rediero
907 2102 985 2166 iam.
1357 2085 1359 2090 ⁷

444 2225 565 2292 ‘Forma
595 2232 701 2294 rarius
726 2249 824 2314 qnam
859 2237 975 2295 natura
998 2233 1048 2297 vel
1072 2225 1177 2296 mores
1200 2233 1403 2317 copulatione

342 2333 574 2402 adieetivorum
611 2337 780 2403 bimembri
804 2339 1006 2406 describitur.
1052 2344 1161 2426 Atque
1190 2343 1222 2405 in
1247 2342 1403 2425 exemplis

342 2446 554 2528 sequentibus
588 2448 771 2513 videbimus
799 2450 955 2514 adieetiva
992 2457 1023 2516 et
1055 2451 1097 2515 ad
1128 2451 1262 2515 formam
1298 2456 1330 2516 et
1363 2452 1402 2514 ed

341 2554 441 2616 animi
463 2563 611 2621 naturam
633 2557 745 2622 referri
768 2578 872 2641 posse.
918 2562 1004 2626 And.
1031 2561 1095 2625 120

1082 2697 1111 2756 et
1133 2693 1229 2772 reita,
1253 2690 1358 2777 ¹dosia,

463 2754 576 2861 ¹adea
600 2759 745 2875 modesto,
768 2800 845 2864 odeo
867 2805 1009 2882 venario,
1033 2807 1070 2864 ai
1092 2800 1143 2864 reid
1163 2821 1275 2884 supro.

342 2900 436 2965 And..
454 2903 517 2968 123

675 3087 678 3094 ,
778 3037 858 3121 qaia
880 3017 947 3103 erat
965 3039 1075 3124 forma
1097 3045 1222 3124 praeter
1243 3043 1359 3103 ceteras

499 3144 630 3210 honesta
652 3166 691 3210 aa
713 3147 845 3212 liberali.
882 3193 884 3196 -

339 3245 500 3320 Ruhnken
525 3254 712 3320 adversum
736 3258 818 3321 alios
834 3258 920 3322 loeas
936 3258 1068 3322 adnotat
1091 3257 1148 3322 ubi
1164 3257 1294 3322 honesta
1316 3255 1401 3320 idern

339 3359 424 3438 quod
445 3362 583 3444 paleira
606 3371 742 3428 venusia
765 3367 857 3430 velet.
906 3366 1028 3432 Vocem
1053 3367 1213 3432 liberalem
1236 3367 1399 3436 interdum

340 3467 380 3529 ad
403 3466 537 3539 formam
561 3480 705 3558 spectare
728 3476 822 3541 docet
845 3475 894 3544 ΡΙ.
920 3476 986 3540 Mil.
1010 3477 1071 3541 967
1097 3476 1254 3560 lapidaei
1278 3474 1402 3540 liberali

337 3574 485 3657 formast.
531 3578 688 3650 Similiter
711 3584 794 3648 Eun.
818 3583 882 3650 682

1063 3758 1065 3762 -
1109 3716 1161 3780 ille
1180 3720 1250 3779 erat

496 3841 627 3907 honesta
649 3842 732 3926 faeie
755 3851 783 3908 et
806 3845 940 3910 liberali.

339 3945 565 4030 Paupertatem
604 3953 792 4036 ¹Antiphiiae
840 3955 964 4019 indicat
1006 3953 1101 4018 Olitie
1149 3973 1224 4018 eum
1271 3953 1398 4017 duobus

337 4053 506 4124 adieetivis
529 4063 641 4142 utitur,
664 4061 781 4126 Heaut.
808 4063 870 4126 297
1300 4141 1303 4146 Ι

495 4170 580 4235 boae
601 4191 699 4256 qaam
723 4173 802 4237 dicit
823 4174 1020 4237 sordidatam
1043 4178 1071 4235 ei
1093 4169 1271 4237 horridam.

338 4277 383 4342 ef.
398 4277 491 4343 Truc.
511 4281 574 4344 933
609 4280 773 4346 homiaem
790 4287 857 4346 tam
879 4281 1049 4346 borridum
1065 4303 1103 4347 aa
1118 4288 1184 4346 iam
1200 4280 1398 4367 squalidam.
