3214 5062
779 501 957 561 ...62-

332 675 405 742 Hoo
439 674 512 741 loeo
535 694 608 760 ⁴non
643 674 750 742 solum
785 676 909 743 instare
943 675 1000 742 aed
1030 675 1126 740 etiam
1149 673 1286 743 euadere
1309 697 1402 744 orare

333 805 376 852 ex
404 784 503 850 verbo
536 784 657 852 aeetae
696 784 837 870 pendere
867 785 1020 851 videntur
1050 803 1157 870 neque
1193 790 1296 869 sant,
1315 787 1401 870 qnod

332 895 468 981 Spengel
492 893 573 976 vnit,
597 893 750 959 infinitivi
773 895 928 962 historici.
975 893 1057 960 Gum
1080 894 1166 959 And.
1190 894 1255 958 373

493 1002 561 1069 misi
584 1002 670 1070 senis
694 1003 812 1071 aaaioos
835 1023 920 1086 oras,
944 1003 1053 1071 ambio.

324 1113 512 1198 ‹eomparari
536 1117 641 1195 potest
664 1111 713 1178 Pl.
727 1112 793 1177 Mil.
810 1111 853 1176 69
881 1119 987 1191 oraat,
1012 1113 1161 1181 ambiant
1186 1112 1402 1182 exobsecrant.

333 1221 496 1304 Heaoso

493 1330 543 1417 epi
566 1331 661 1414 atque
684 1330 776 1396 oram'
799 1336 904 1397 tecam
925 1351 1061 1400 uxoren
1083 1337 1121 1398 at
1139 1331 1279 1406 duceres.

333 1438 563 1508 Heaut102i

494 1547 579 1632 qaod
595 1552 672 1633 peto
694 1553 753 1616 ant
775 1547 860 1633 qaod
882 1549 962 1615 voto.

333 1659 420 1730 And.
446 1658 509 1722 550

492 1765 590 1833 immo
612 1766 661 1833 ita
683 1765 752 1833 oolo
774 1765 883 1850 itaque
903 1767 1029 1850 poetata
1052 1772 1090 1834 at
1112 1767 1179 1851 fiat.

440 1873 550 1940 Verba
572 1876 727 1941 monendi
749 1878 800 1942 vel
822 1877 1005 1961 imperandi
1027 1877 1078 1942 his
1101 1879 1180 1943 loeis
1196 1878 1400 1962 copulantur.

334 1984 423 2049 Eun.
448 1985 512 2048 389

491 2090 644 2161 tabesne?
666 2093 814 2161 iubeam?
837 2115 912 2181 oopo
935 2100 1029 2180 atpae
1051 2095 1181 2178 impero.

332 2203 424 2269 Hem
437 2203 481 2266 64

492 2318 522 2379 et
543 2333 655 2380 moneo
677 2317 707 2378 et
728 2311 848 2380 hortor.

327 2418 381 2491 Oi.
405 2421 501 2503 edet
525 2423 658 2486 tin-9
695 2427 851 2506 postremo
884 2427 1049 2507 tamquam
1090 2423 1127 2491 im
1165 2421 1328 2506 speratam
1362 2421 1400 2488 im

329 2530 472 2613 patinas,
505 2530 638 2614 Demea,
672 2532 831 2614 inspicere
865 2531 955 2597 iubeo
994 2538 1024 2599 et
1059 2553 1170 2599 moneo
1197 2531 1278 2616 qaid
1313 2531 1400 2615 facto

330 2660 415 2708 asae
437 2641 486 2708 sit.
532 2639 649 2704 Heaut.
674 2639 716 2704 78

490 2748 539 2815 vel
561 2769 610 2815 me
631 2769 760 2817 monere
781 2751 841 2816 hoo
863 2750 913 2815 vei
931 2749 1117 2833 percontari
1135 2755 1227 2832 pata.
1307 2817 1309 2820 .

438 2855 547 2924 Verba
570 2859 651 2928 seire
674 2866 706 2924 et
728 2880 857 2926 mosoere
880 2879 964 2942 quae
979 2865 1011 2923 et
1026 2858 1112 2943 apud
1132 2859 1212 2922 alios
1227 2859 1399 2942 scriptores

330 2985 426 3052 saepe
450 2967 644 3052 copulantur
666 2967 839 3034 Terentius
863 2970 1030 3053 coniungit

333 3075 422 3140 And.
446 3075 487 3139 53

491 3206 570 3250 nom
593 3191 688 3251 amieo

489 3293 549 3377 qai
570 3294 651 3358 seire
668 3314 779 3379 posses
801 3301 860 3360 aut
883 3293 1055 3379 imperatam
1077 3290 1215 3360 noscere.

328 3402 417 3470 And.
443 3404 507 3468 934

488 3531 606 3576 moram
628 3515 657 3575 et
678 3510 753 3575 saio.

330 3639 471 3724 Spengel
498 3641 598 3706 verba
620 3642 849 3726 interpretatur
879 3637 942 3704 ‘ich
972 3640 1094 3705 kannte
1127 3641 1182 3703 ihn
1214 3638 1398 3728 persiinlioh

328 3749 398 3812 und
421 3752 525 3833 weiss,
550 3751 623 3814 dass
646 3769 682 3814 er
706 3751 779 3814 dein
803 3749 929 3813 Bruder
953 3748 1038 3817 war!
1084 3748 1196 3814 Simile
1223 3748 1396 3812 discrimen

326 3855 432 3921 iacere
474 3877 647 3942 possumus
681 3858 766 3923 Eun.
796 3857 872 3922 351.
927 3859 1086 3923 Parmeno
1120 3861 1250 3940 rogatus
1276 3849 1397 3921 'utrum

328 3986 414 4052 quae
437 3969 478 4032 sit
500 3968 592 4052 virgo
615 3970 742 4032 noverit
764 3987 806 4030 an
829 3968 946 4038 viderit
968 3969 1140 4052 respondet

386 4093 391 4100 ’
487 4076 564 4157 vidi,
588 4076 684 4142 aovi:
708 4076 774 4141 saio
796 4097 859 4160 quo
881 4075 1018 4142 abducta
1040 4077 1092 4144 sa.

326 4193 395 4252 tum
420 4186 560 4254 Chaerea

486 4297 542 4362 eho
565 4293 725 4359 Parmeno
747 4294 804 4377 mi,
827 4294 937 4360 nostin
960 4300 989 4360 et
1010 4295 1073 4360 sois
1095 4293 1154 4376 abi
1174 4293 1255 4358 siet?
