3214 5062
784 475 960 539 454..-

445 651 615 719 Interdum
639 652 821 717 animorum
846 653 1077 719 commotiones
1101 658 1133 720 et
1159 655 1298 721 rationes
1321 675 1408 742 quae

338 762 507 846 cogitando
535 764 692 829 eveniunt
720 760 935 828 substantivis
963 762 1135 846 duplicatis
1164 765 1405 850 exprimuntur.

338 870 431 937 Adel.
458 871 521 936 602

766 999 848 1065 qaae
871 980 975 1045 dolore
996 1001 1035 1046 ao
1057 981 1192 1048 miseria

499 1087 636 1156 tabescit.

340 1195 385 1261 Oi.
414 1195 465 1262 Pl.
493 1197 569 1262 Aul.
602 1199 644 1261 14
671 1180 753 1263 oum*
774 1197 880 1263 labore
902 1218 1021 1284 mayao
1044 1203 1074 1266 el
1094 1199 1220 1267 misem.
1265 1197 1406 1264 Nomine

339 1304 447 1371 labore
480 1291 585 1374 doale
619 1306 706 1375 And.
730 1307 794 1371 831
824 1308 886 1372 sab
913 1307 1171 1374 homoeoteleuto
1194 1307 1290 1372 mista
1317 1313 1407 1374 sont.

340 1414 437 1483 Phor.
460 1415 524 1483 441
1295 1423 1300 1430 ·

500 1515 624 1607 quauta
643 1545 693 1591 me
715 1546 796 1591 cara
818 1531 850 1592 et
870 1524 1086 1592 sollicitudine
1108 1524 1225 1610 adfecit

427 1643 430 1648 “
482 1637 620 1715 'yaatus
692 1639 694 1644 ’
758 1639 759 1642 ’
1227 1644 1229 1648 ’

343 1741 440 1807 Phor.
464 1740 506 1804 57
583 1733 585 1738 ’

453 1917 455 1920 .
502 1870 565 1934 quo
587 1850 626 1915 ia
648 1865 744 1933 metu,
767 1857 888 1936 quanto
911 1851 949 1916 ia
967 1851 1090 1938 periclo

342 1960 406 2026 Hic
428 1960 567 2028 uerbum
586 1960 707 2045 pariclo
730 1979 859 2026 causam
884 1965 989 2026 metus
1010 1979 1188 2046 proponere
1210 1960 1349 2027 videtur.

342 2069 443 2136 Phor.
468 2071 512 2137 34

504 2177 690 2266 bonitasque
715 2184 823 2246 costra
852 2179 1008 2244 adiutam
1034 2183 1130 2263 atque
1158 2175 1409 2262 aequanimitas.

343 2284 423 2354 Hec.
448 2286 513 2350 263
645 2304 647 2308 ·

505 2401 535 2460 et
556 2395 758 2481 cliliyeatiam
781 2403 923 2464 vostram
946 2403 975 2463 et
997 2395 1228 2481 beaiaaitatem

503 2504 592 2572 aovi.

344 2613 441 2681 Adel.
466 2614 530 2676 390

402 2732 406 2737 ’
461 2719 464 2725 ’
950 2722 1060 2807 inepta
1083 2722 1197 2788 lenitas

500 2810 610 2896 paliis
631 2816 660 2875 et
674 2808 824 2898 facilitas
845 2831 957 2896 prava.

349 2938 493 3003 Donatus
527 2936 689 3002 lenitatem
722 2936 762 3000 ed
794 2935 965 3002 Micionem
1000 2938 1108 3022 refert,
1147 2936 1336 3028 facilitatem
1367 2933 1410 2997 ad

349 3049 563 3114 Aeschinum.
609 3045 672 3112 Sed
696 3065 763 3110 non
787 3044 925 3111 dubium
949 3066 1019 3112 esse
1043 3049 1172 3114 videtur
1195 3047 1274 3132 quin
1290 3048 1415 3109 utrum·

350 3179 414 3241 que
434 3156 572 3220 verbum
589 3156 629 3220 ed
641 3155 812 3221 Micionem
829 3162 959 3241 spectet.
991 3157 1145 3222 S1mititer
1159 3155 1258 3222 verbe
1268 3151 1416 3238 facilitas

347 3265 516 3334 clementia
538 3265 784 3347 coniunguntur
807 3262 901 3330 Adel.
926 3266 988 3330 861

505 3371 660 3456 facilitate
681 3373 733 3438 nil
753 3394 819 3438 esse
839 3375 967 3439 loomiai
981 3375 1100 3440 melias
1115 3395 1216 3461 aeque
1235 3369 1415 3439 elementia.

347 3487 387 3550 In
412 3484 498 3553 And.
524 3483 588 3547 723

1028 3613 1119 3658 iaaac
1139 3613 1222 3678 opas
1244 3596 1289 3658 est
1312 3596 1369 3657 tua

507 3699 592 3768 milei
605 3701 823 3766 adhaeseram
837 3708 1024 3788 eaprompta
1042 3702 1169 3768 malitia
1183 3707 1278 3786 atque
1292 3698 1414 3766 astutio

349 3814 413 3878 duo
428 3811 529 3876 verbo
551 3811 635 3876 idem
661 3811 728 3876 lere
751 3811 870 3895 volent,
893 3831 968 3877 oum
991 3812 1120 3877 malitia
1146 3809 1413 3895 significationem

347 3923 525 4004 meliorem,
546 3920 668 3985 astutia
691 3921 832 4004 peiorem
857 3923 1045 4006 susceperit.
1089 3921 1236 3986 Eundem
1259 3918 1417 4002 significa·

350 4036 471 4099 tionem
496 4029 594 4095 hebet
617 4029 745 4094 malitia
766 4031 800 4094 in
825 4030 875 4094 Pl.
899 4029 957 4114 Ep.
983 4031 1057 4099 646.

347 4142 427 4210 Hec.
454 4138 529 4207 797.

508 4249 568 4315 soit
580 4247 646 4313 sibi
660 4247 859 4314 nobilitatem
876 4266 915 4315 aa
931 4268 967 4312 ea
982 4268 1017 4314 re
1027 4254 1140 4313 aotam
1156 4253 1185 4313 et
1193 4249 1330 4332 alasiam
1343 4267 1418 4312 esse.
