3214 5062
278 1473 382 1592 later
401 1526 528 1590 dicendi
551 1544 655 1608 genus
671 1524 808 1588 Terentii
827 1529 858 1588 et
881 1527 988 1590 Plauti
1012 1527 1072 1589 boa
1097 1527 1238 1590 maxime

173 1637 328 1700 interesse
352 1640 486 1712 constat,
510 1635 597 1718 quod
626 1636 676 1698 bio
704 1635 916 1699 elocutionem
947 1656 1038 1699 suam
1072 1636 1112 1698 ad
1139 1656 1235 1700 usum

176 1747 367 1828 popularem
391 1746 614 1827 conformavit,
637 1747 682 1809 ita
698 1751 802 1809 tamen
820 1751 857 1809 ut
873 1746 1008 1810 artificia
1025 1746 1151 1809 dicendi
1167 1766 1236 1829 per-

172 1855 274 1918 multa
297 1875 435 1938 quornm
459 1856 554 1938 quasi
569 1856 694 1918 semina
710 1856 744 1918 in
763 1874 911 1919 sermone
928 1855 1052 1935 vulgari
1068 1857 1237 1920 invenerat

170 1963 428 2046 Ingeniosissime
463 1965 623 2028 excoleret
670 1969 767 2048 atque
810 1969 1014 2048 propagaret;
1067 1965 1236 2028 Terentius

172 2078 282 2137 contra
319 2076 485 2139 hominum
520 2073 673 2138 nobilium
705 2074 821 2137 studiis
855 2071 1027 2136 obsecutus
1060 2073 1236 2150 elegantiae

172 2185 329 2248 sermonis
359 2189 433 2248 ante
458 2185 566 2247 omnia
590 2202 717 2266 operam
739 2182 835 2246 dabat
858 2182 940 2246 nihil
962 2201 1064 2266 aeque
1088 2182 1236 2245 devitans

174 2293 272 2372 atque
297 2291 442 2375 vulgaria
466 2299 498 2357 et
520 2292 686 2356 incondita
711 2292 838 2355 dicendi
853 2311 983 2376 genera.
1007 2292 1099 2356 ‘Puri
1116 2311 1236 2355 sermo-

173 2396 235 2462 nis’
262 2405 295 2462 ut
319 2399 464 2467 Caesaris
480 2404 588 2466 verbis
614 2407 686 2465 utar
710 2399 854 2465 ‘amator'
878 2422 919 2465 ne
944 2403 1140 2466 ornamentis
1165 2405 1234 2486 qni-

173 2507 244 2571 dem
280 2509 345 2574 illis
380 2517 411 2576 et
444 2513 557 2596 figuris
595 2512 722 2575 dicendi
758 2531 838 2596 quas
872 2511 1008 2575 Plautus
1043 2514 1078 2574 in
1113 2512 1236 2576 deliciis

173 2616 288 2681 habuit
310 2622 372 2684 nisi
398 2622 632 2685 modestissime
648 2640 802 2703 personas
819 2641 897 2685 suas
912 2622 959 2685 uti
977 2619 1089 2684 voluit.
1141 2619 1234 2696 Quod

174 2745 271 2808 quam
307 2731 453 2796 consulto
478 2731 588 2796 lecerit
621 2749 659 2794 eo
682 2731 886 2812 potissimum
916 2731 1067 2811 cernitur,
1091 2731 1175 2813 quod
1200 2731 1232 2792 in

173 2836 322 2920 prologis,
340 2841 475 2903 oratoris
491 2842 646 2904 nimirum
662 2841 762 2923 partis
778 2859 886 2924 agens,
902 2840 1072 2906 lenociniis
1088 2837 1235 2902 oratoriis

172 2947 303 3011 minimo
337 2951 488 3033 pepercit,
522 2950 555 3012 id
581 2949 667 3033 quod
692 2947 807 3014 Leonis
831 2951 960 3014 demum
985 2945 1108 3033 opera¹)
1130 2949 1233 3011 edocti

172 3074 297 3121 sumus.

280 3167 445 3233 Sermonis
482 3169 632 3233 cotidiani
667 3169 792 3251 plebeio
828 3169 1000 3252 propinqui
1030 3169 1158 3250 propria
1186 3172 1234 3232 est

172 3273 372 3341 abundantia
396 3280 565 3362 quaedam,
590 3297 672 3361 quaa
696 3297 760 3366 non
784 3282 933 3341 contenta
956 3295 1087 3342 sensum
1111 3277 1233 3359 simpli-

172 3385 251 3448 citer
286 3388 470 3451 enuntiasse
509 3386 618 3451 verbis
658 3388 831 3452 cumulatis
869 3406 936 3452 rem
975 3387 1075 3451 semel
1114 3388 1231 3450 dictam

171 3492 287 3557 iterare
321 3496 410 3577 solet,
445 3497 501 3579 qui
527 3515 607 3560 usus
630 3497 744 3579 partim
769 3497 875 3561 studio
899 3498 1138 3582 perspicuitatis
1163 3516 1232 3580 par·

152 3601 228 3664 ,tim
254 3605 473 3688 neglegentiae
497 3608 623 3670 cuidam
650 3606 793 3670 debatur.
838 3606 887 3669 Ita
906 3608 1113 3690 pleonasmus
1130 3607 1233 3669 oritur

172 3713 228 3794 qni
252 3731 295 3775 ax
318 3734 393 3778 vero
418 3717 544 3799 dicitur,
560 3717 711 3800 quoniam
735 3721 885 3780 accurate
902 3716 1000 3780 verba
1022 3715 1233 3799 perpendenti

170 3821 334 3904 superflua
368 3825 524 3908 quaedam
554 3826 656 3889 videri
689 3832 843 3909 possunt3
878 3826 954 3889 licet
988 3825 1074 3888 enim
1111 3825 1140 3887 ei
1176 3825 1233 3906 qni

170 3931 266 4011 primi
285 3932 329 3995 ita
346 3932 563 4017 loquebantur
586 3953 651 3998 non
673 3936 742 3998 sine
758 3953 856 3998 cansa
874 3933 971 4000 verba
987 3933 1231 4014 cumulaverint,

169 4037 348 4106 locutiones
371 4044 404 4109 in
429 4045 696 4111 consuetudinem
721 4049 869 4128 receptae
892 4043 1140 4108 consuetudinis
1162 4046 1232 4104 tan-

169 4152 238 4212 tum
264 4169 361 4216 cansa
384 4156 503 4217 temero
526 4154 629 4218 solent
645 4154 798 4217 adbiberi.
844 4153 953 4218 Huius
969 4156 1069 4238 igitur
1084 4151 1231 4235 pleonas-

170 4277 382 4287 —4--0-——-——

278 4329 304 4398 1)
322 4329 391 4394 Leo,
402 4327 546 4384 Analecta
556 4327 703 4386 Plautina.
723 4328 767 4383 De
776 4328 879 4398 figuris
890 4328 1034 4386 sermonis
1044 4326 1103 4398 IIp
1124 4327 1157 4380 14
1167 4343 1231 4398 sqq.

1054 4441 1069 4494 1
