3214 5062
652 500 828 560 ..57-

205 691 332 758 sempor
354 673 440 739 valet
459 667 545 756 apud
562 671 714 738 Plautum
737 678 769 738 et
783 673 978 740 Terentium.
1015 671 1126 739 Verba
1147 673 1275 741 amieos

205 789 238 848 et
263 781 407 866 aequatis
436 781 681 864 coniunguntur
704 782 753 849 Pl.
777 782 864 851 Trin.
877 784 932 868 48,
955 785 1030 864 326,
1055 783 1166 886 Airan.
1184 783 1273 851 Com.

205 893 244 962 ir.
269 891 327 977 (R)
351 892 427 974 256,
450 891 525 975 367,
551 890 616 960 Cic.
648 891 734 958 Laei.
754 893 806 960 57.
853 892 954 978 Saepe
977 893 1063 977 apud
1089 897 1274 965 Terentium

206 1007 238 1068 et
249 1001 405 1067 Plautum
417 1001 542 1064 nomini
553 1001 658 1068 amieo
671 1003 808 1068 alterum
825 1021 942 1068 nomen
956 1004 1092 1071 additur.
1105 1007 1192 1076 And.
1208 1009 1273 1072 295

369 1117 398 1175 te
420 1107 478 1174 isti
499 1109 611 1176 oireem
634 1112 682 1192 do,
706 1111 851 1176 amioum
875 1117 1011 1178 tutorem
1033 1120 1169 1198 patrem.

208 1219 387 1285 466118

366 1325 522 1412 orimum,
546 1333 735 1412 amatorem,
758 1329 870 1394 virum
892 1330 930 1394 in
953 1329 1065 1415 quovis
1087 1333 1151 1399 loco

364 1443 536 1520 paratum·
871 1439 875 1446 “

207 1546 292 1611 And.
317 1547 382 1610 813

174 1703 176 1708 ,
367 1650 437 1718 tom
458 1654 599 1738 aliquem
624 1675 690 1720 esse
712 1655 860 1720 amioum
883 1661 912 1720 et
932 1655 1129 1740 defensorem
1151 1662 1200 1738 ei,·
1272 1665 1275 1670 ’

206 1762 292 1830 Eun.
317 1764 382 1826 238
467 1807 469 1810 -
993 1819 997 1829 ,

365 1891 475 1936 ornnes
498 1870 569 1936 noti
590 1875 755 1955 meatque
777 1871 878 1937 omisi
898 1873 1058 1942 deserunt.

206 1980 301 2046 Phor.
326 1981 391 2044 496
482 2063 484 2067 ι
972 2037 977 2046 ,

367 2095 404 2155 to
427 2089 512 2154 miti
532 2094 696 2175 aequatus,
722 2095 758 2156 ia
775 2111 909 2176 pareres,
932 2096 968 2156 to
990 2092 1125 2177 ominus,

206 2197 286 2267 Hes.
311 2199 375 2263 592

367 2312 440 2373 tuos
461 2307 586 2373 amieos
608 2312 637 2372 te
659 2315 687 2373 et
709 2280 860 2394 ooynotos
882 2309 1020 2374 deserere

206 2415 292 2485 Eun.
319 2416 381 2480 148

365 2544 465 2610 nequo
487 2526 632 2591 amioum
654 2545 754 2611 noerae
776 2533 958 2611 coenatum.

206 2635 302 2700 Adel.
327 2637 391 2698 529

365 2738 464 2811 eliens
485 2742 613 2809 omious
635 2741 748 2829 hospes
769 2751 894 2812 nemost
916 2745 1030 2812 uobis?

207 2862 367 2928 Omnibus
390 2864 440 2926 his
463 2863 543 2926 loeis
558 2881 676 2926 nomen
695 2869 872 2948 utrumque
888 2866 954 2928 vim
969 2864 1130 2948 propriam
1147 2865 1272 2944 retinet,

207 2973 264 3038 sed
288 2973 335 3036 nil
358 2972 488 3035 videtur
498 2971 654 3034 interesse
670 2973 753 3036 inter
764 2974 862 3036 verba
874 2973 1020 3037 amioum
1043 2978 1074 3037 et
1086 2971 1270 3037 beneuolen-

172 3088 268 3180 3tem
293 3101 375 3166 quae
392 3079 531 3144 Plautus
554 3080 722 3164 coniungit
746 3079 821 3145 Bao.
845 3081 920 3163 475,
939 3079 1009 3145 Cas.
1023 3079 1099 3164 435,
1115 3081 1179 3148 Cis.
1197 3083 1271 3159 646,

208 3191 301 3259 Most.
328 3192 400 3272 195,
429 3188 546 3253 Pseud.
570 3187 645 3271 699,
668 3189 754 3253 Trin.
781 3188 878 3257 1177.
913 3189 1068 3255 Similiter
1096 3191 1181 3258 Eun.
1209 3191 1271 3256 327

363 3298 472 3383 patris
494 3303 665 3383 eoynotum
688 3304 783 3384 atque
805 3300 977 3385 aequalem.

313 3418 488 3482 Adiectivis
511 3424 543 3484 et
566 3418 779 3484 substantivis
802 3419 977 3484 cumulatis
1001 3422 1117 3484 natura
1132 3401 1272 3484 hominis

207 3525 402 3614 describitur
424 3526 542 3596 Heaut.
567 3528 630 3590 877

366 3634 500 3716 caudex,
522 3635 629 3718 stipes,
652 3635 779 3718 asinus,
800 3636 983 3721 plumbeos.

205 3745 325 3813 Heaut.
352 3745 437 3809 1033

605 3872 699 3935 yeroo
722 3852 812 3916 iners
833 3852 931 3937 fraus
953 3853 1057 3918 helluo

362 3962 493 4048 yoneo’s
515 3963 704 4028 damnosos.
900 3957 903 3975 '

313 4071 523 4140 Substantias
536 4072 720 4138 verbaliain
735 4072 863 4140 tortrix
876 4074 1056 4138 desinentia
1067 4071 1273 4154 copulantur.

205 4183 292 4251 Eun.
320 4184 404 4246 1035

363 4289 512 4356 inventor
533 4291 676 4378 ineepior
698 4290 853 4376 perfector
