3214 5062
647 517 688 530 ...
714 485 823 546 55...

201 659 242 724 Iu
266 661 326 723 hoo
348 678 445 724 vorsu
468 657 620 724 nobilitas
642 660 728 724 idem
752 677 790 724 55
809 658 914 744 alosa
939 677 1009 725 5555
1029 659 1157 726 videtur
1172 679 1269 747 quam
1369 669 1371 672 ’

206 768 472 852 significationem
497 763 593 852 plano
615 767 713 832 habet
734 768 768 831 in
793 767 839 834 Pl.
863 766 933 838 Mil.
955 769 1050 833 1324.
1096 768 1135 833 In
1152 767 1270 834 Heaut-

205 879 247 940 25
271 879 462 963 synonymis
486 883 518 942 ot
533 878 675 941 chiosmo
692 877 741 941 vis
757 876 917 942 rhetorico
933 879 1111 943 sententiae
1127 878 1267 942 additur:

364 985 540 1051 arbitrium
562 991 718 1068 vostrum,
742 989 850 1050 vostra
872 985 1091 1052 existumatio.

204 1099 291 1165 And.
317 1095 380 1160 509

297 1265 299 1270 .
361 1225 401 1269 ao
428 1211 465 1270 tu
494 1205 551 1270 hoo
572 1203 738 1288 posterius
767 1203 858 1270 dicas
880 1204 970 1270 Daoi
990 1206 1115 1290 suatum
1137 1205 1271 1272 oonsilio

628 1317 687 1381 aut
708 1312 798 1378 dolis.

202 1425 288 1490 Eun.
312 1425 355 1487 57
509 1427 510 1430 ’

362 1552 445 1618 quaa
467 1551 519 1596 res
541 1531 579 1595 ia
601 1550 634 1596 sa
656 1550 759 1616 aequa
781 1528 955 1596 consiliam
978 1549 1080 1614 noque
1102 1531 1235 1596 modum

360 1641 455 1707 habet
476 1641 589 1707 ullum.

203 1751 289 1816 Eun.
316 1751 379 1814 515

361 1880 443 1926 aum
465 1878 569 1943 parva
591 1877 690 1923 eausa
712 1862 771 1922 aut
788 1876 895 1942 prava
918 1853 1053 1922 ratiost?

203 1972 303 2035 Poeta
334 1967 471 2033 vocibus
503 1987 608 2052 parva
642 1970 671 2031 et
701 1986 806 2051 pravo
840 1965 924 2031 ludit
955 1965 1067 2030 eodem
1108 1967 1203 2032 modo
1231 1988 1269 2032 aa

203 2079 313 2143 Cicero
350 2078 389 2142 od
413 2080 481 2144 Au.
504 2077 596 2156 113,
629 2076 648 2140 2
672 2076 813 2141 oonsut.
836 2121 845 2140 .
863 2095 968 2160 paruo
990 2074 1100 2142 animo
1123 2081 1152 2141 ot
1163 2097 1269 2168 pravo

202 2192 316 2253 tamea.
361 2186 447 2253 Ano.
473 2184 537 2250 319

360 2294 405 2359 od
426 2299 454 2358 to
482 2293 619 2359 advenio
640 2315 728 2378 spem
750 2294 886 2360 salutem
906 2293 1072 2359 aaaoaam
1095 2292 1269 2357 consilium

624 2407 785 2486 expetens.

202 2521 365 2586 Videntur
387 2519 487 2585 verbo
509 2540 597 2604 spem
618 2521 754 2586 salutem
774 2539 846 2585 osso
867 2520 1096 2604 coniungenda
1110 2518 1164 2603 (of.
1180 2517 1266 2584 Rud.

202 2631 267 2695 679
300 2651 319 2695 o
354 2630 471 2694 salutis
504 2649 591 2694 meaa
618 2630 704 2714 spes)
729 2635 761 2694 ot
792 2629 955 2697 auxilium
976 2630 1159 2697 consilium.
1203 2629 1267 2695 Sed

201 2738 247 2809 of.
280 2741 329 2805 Pl.
367 2739 444 2824 Cap.
470 2739 533 2802 517
557 2759 629 2823 spes
651 2759 726 2824 opos
747 2738 947 2823 auxiliaque,
973 2738 1058 2806 Rud.
1082 2741 1147 2803 204
1177 2759 1269 2803 nuno

202 2869 301 2934 quam
325 2868 414 2934 spem
435 2853 495 2912 aut
516 2868 606 2933 opem
623 2854 682 2914 aut
702 2848 819 2913 consili
840 2848 921 2932 quid
941 2867 1113 2932 capessam.

309 2957 349 3022 In
372 2957 459 3026 Eun.
485 2957 613 3020 59-61
639 2958 739 3021 verba
762 2956 840 3025 bina
863 2956 948 3020 binis
970 2957 1177 3043 respondent.

360 3067 398 3131 ia
421 3085 528 3133 amoro
549 3065 626 3130 aaa
647 3065 758 3134 omnia
781 3065 899 3128 insuat
920 3065 1019 3131 vitia:
1042 3066 1197 3150 iniuriae,

359 3176 570 3262 saopiaooes,
594 3173 796 3256 inimim'tiao,
818 3173 976 3257 indutiae,

361 3286 486 3368 bellum,
506 3301 579 3370 pua
600 3304 745 3351 sarsum.

201 3402 273 3468 Hoo
304 3409 370 3469 toto
406 3423 554 3469 sermono
576 3403 745 3488 Parmeno,
780 3406 837 3489 qui
869 3423 962 3470 orum
998 3423 1063 3488 quo
1091 3403 1185 3467 modo
1213 3423 1265 3468 ros
1396 3493 1398 3500 Α

204 3515 377 3578 amatoriae
401 3530 436 3576 so
459 3511 598 3577 habeant
624 3519 733 3579 monet
760 3519 792 3579 et
818 3515 888 3580 loco
915 3515 981 3578 foro
1004 3514 1140 3576 oratoris
1161 3513 1267 3595 loqui·

201 3627 264 3702 tur,
281 3639 464 3709 synonyma
483 3621 638 3687 cumulat.
676 3622 724 3688 Gt.
740 3644 773 3687 v.
790 3623 833 3687 50
847 3623 900 3688 ail
907 3623 1007 3707 prius
1022 3641 1124 3716 noque
1137 3621 1265 3702 sattius.

202 3729 243 3790 52
259 3749 355 3813 quom
372 3749 463 3796 aomo
478 3728 602 3814 expetit,
618 3729 713 3796 altro.
744 3731 786 3793 54
801 3737 945 3814 actuosi,
952 3729 1079 3817 peristi.
1110 3729 1153 3794 56
1169 3731 1265 3797 etiam

200 3843 294 3922 atque
316 3837 421 3905 aaa.
458 3839 498 3903 52
522 3857 624 3922 aequo
646 3840 818 3907 eonsilium
839 3862 940 3925 aequa
962 3841 1100 3908 modam.
1134 3837 1266 3906 Videat

201 3948 380 4012 antitheton
400 3948 441 4012 61
465 3947 589 4014 amota
604 3953 697 4031 corta,
722 3969 898 4033 oxymoron
916 3949 958 4013 63
974 3969 1047 4016 oum
1065 3949 1190 4015 rationo
1212 3950 1265 4014 ia·

200 4057 325 4121 sanias.
370 4058 410 4122 In
426 4057 573 4143 Hecyrae
597 4059 731 4146 prologo
755 4061 832 4126 hoeo
856 4061 988 4125 nomina
1009 4062 1263 4145 coniunguntur,

200 4186 232 4230 v.
256 4168 275 4229 2
298 4166 416 4235 uitium
438 4174 467 4232 at
489 4169 664 4237 summitas.
718 4172 759 4234 23
783 4170 890 4236 stadio
912 4169 1018 4236 labora
1039 4175 1107 4234 orte
1129 4171 1264 4240 mosim.

202 4276 244 4337 35
254 4273 405 4342 comitum
414 4283 598 4359 conventas,
607 4281 769 4365 strepitus,
781 4282 900 4348 clamor
908 4280 1091 4348 mulierum.
1107 4281 1150 4345 43
1163 4278 1264 4348 otium
