3214 5062
805 464 915 544 ..'48
940 517 983 530 ,-

363 657 536 722 1122.568
663 685 668 704 ³

520 767 603 850 fonte
624 767 762 852 fortuna
784 767 870 832 2122222Ι
892 772 962 832 erat
986 764 1119 848 quidum
1142 767 1326 832 eunuchus
1423 825 1424 830 ,

362 869 481 941 Prenss
514 876 598 943 12.
633 897 664 960 p.
702 876 743 942 15
776 896 825 959 sq.
859 881 950 960 putet
991 875 1188 938 loeutionem
1232 893 1289 957 per
1331 894 1426 956 usyn

362 985 462 1062 deton¹
496 985 612 1049 dietum
648 1005 728 1070 2222.
791 983 945 1052 Similiter
979 984 1061 1047 Brix
1095 983 1136 1046 ad
1161 983 1213 1051 Pl.
1237 983 1325 1050 Trin.
1345 985 1422 1048 ¹302.

361 1092 424 1181 Sed
448 1094 538 1160 solus
562 1095 722 1159 ablativus
745 1093 883 1177 fortuna
905 1092 965 1156 hue
989 1111 1087 1158 sensu
1116 1094 1258 1156 inveniri
1288 1113 1353 1158 non
1377 1096 1424 1160 vi·

362 1203 455 1268 detur
492 1215 524 1268 et
565 1222 639 1267 eum
683 1203 742 1267 dea
785 1203 863 1267 Fors
906 1201 1050 1267 Fortuna
1087 1201 1208 1266 1122222
1251 1205 1355 1268 culte*
1382 1207 1424 1268 sit

361 1313 538 1396 eodemque
561 1313 655 1396 modo
688 1333 730 1380 22,
761 1313 903 1376 Fortuna
930 1295 1050 1395 templa
1074 1310 1260 1397 baburrus)
1308 1313 1424 1379 ueren-

360 1423 426 1486 tius
460 1423 623 1505 locutione
656 1423 740 1506 forte
761 1420 896 1505 fortune
925 1439 990 1484 nen
1020 1439 1076 1503 per
1104 1421 1282 1503 asyndeton
1307 1423 1421 1500 utini·

361 1531 466 1609 detur,
490 1532 546 1596 sed
580 1537 617 1596 ut
653 1535 816 1595 notionem
846 1547 944 1592 unum
975 1531 1135 1610 exprimat
1162 1531 1243 1594 ‘item
1267 1549 1305 1593 22
1330 1529 1367 1596 fit
1388 1531 1433 1594 in.

360 1642 491 1704 nomine
515 1640 597 1706 Fors
619 1641 776 1704 1122122222.
823 1638 890 1702 Dea
912 1639 1081 1702 invocetur
1105 1637 1286 1704 Phor.<84l

519 1772 536 1815 o
560 1751 722 1830 Fortuna,
740 1772 764 1815 e
787 1748 873 1814 Fors
896 1747 1059 1814 Fortuna.

360 1859 409 1926 ef·
431 1859 512 1924 Hee.
537 1860 601 1922 386
641 1893 643 1896 ·

520 1962 675 2052 ‘quaeque
701 1969 787 2050 sore
797 1965 973 2048 foetetnusl’
1007 1967 1114 2049 inquit
1101 1963 1249 2032 12221212
1281 1986 1363 2047 quae
1393 1970 1426 2030 12

656 2132 659 2137 .
755 2075 875 2169 bndie
898 2075 1030 2142 obtulit.

358 2183 466 2250 Forte
502 2185 640 2267 fortuna
680 2187 866 2248 invenimus
913 2183 961 2249 Pl.
1008 2184 1093 2248 Bac.
1125 2183 1207 2265 916
1239 2180 1308 2246 Mil
1348 2179 1425 2263 281,

360 2292 423 2357 cie.
448 2294 488 2358 de
512 2293 634 2378 211211
660 2295 768 2376 7,18.
1393 2335 1395 2338 -

359 2401 474 2467 Heeut.
500 2404 563 2466 945
781 2479 788 2494 ι

518 2513 666 2580 animum
690 2514 747 2596 qni
769 2532 859 2578 2222222
882 2512 1019 2578 luxuria
1042 2516 1071 2576 et
1094 2511 1228 2577 12221212

428 2649 429 2654 “
519 2611 677 2706 diffluit.

326 2762 328 2767 ·
359 2729 514 2798 Similiter
546 2731 658 2796 scribit
693 2730 758 2797 Oie.
796 2752 826 2815 p
861 2728 991 2850 Quinct
1028 2731 1067 2792 92
1115 2729 1279 2796 1222221222
1326 2731 1427 2808 utque

359 2839 466 2906 lieent'
440 2845 533 2906 1.22222

359 2945 453 3012 Adel.
482 2948 611 3012 iss-9

299 3076 303 3082 '
511 3060 673 3142 2222212122
696 3059 883 3139 eommunis,
908 3058 1020 3137 121222,
1045 3053 1336 3177 adulescentium

369 3207 372 3214 ,
419 3220 425 3229 .
511 3169 806 3252 22212222222222112

357 3275 430 3340 Etsi
456 3279 620 3360 pernicies
654 3285 686 3344 et
716 3279 816 3362 pestis
849 3277 999 3362 pluribus
1037 3275 1146 3340 verbis
1185 3222 1423 3358 disiunguntur,

358 3387 591 3452 uiliterationis
618 3389 667 3451 vis
716 3405 775 3470 per
817 3389 1012 3452 adieetivum
1053 3387 1211 3470 periurus
1257 3385 1421 3449 retinetur.

252 3574 255 3579 ¹
357 3496 443 3564 Anu
467 3497 533 3562 222

516 3608 566 3674 nil
588 3607 678 3673 122121
665 3605 815 3691 12292212
804 3606 854 3672 aie
877 3624 980 3686 neque
1002 3604 1175 3672 socordiae.
1335 3671 1337 3676 ,

357 3714 461 3780 Elium
502 3717 561 3782 boe
599 3719 669 3782 loeo
707 3715 854 3779 Donatus
892 3714 1062 3778 iudieat'
1054 3734 1086 3776 22
1090 3718 1210 3778 teresse
1246 3710 1421 3784 interduo

357 3827 496 3908 nomine,
505 3821 675 3911 2292221222
688 3825 729 3888 ed
747 3825 917 3907 egendum,
928 3823 1090 3891 2222221222
1106 3817 1422 3900 2122222122212221,

357 3935 412 3998 sed
437 3954 502 3998 non
525 3936 698 4000 verisimile
728 3933 924 3999 2211122222
955 3933 1073 3998 subtile
1109 3934 1296 4004 discrimen
1315 3927 1421 4004 fecere

357 4045 448 4122 velle,
475 4046 531 4110 sed
554 4045 724 4118 ostendere
748 4045 809 4108 sibi
833 4045 978 4108 celeriter
1002 4061 1072 4106 esse
1095 4043 1268 4125 egendum.
1318 4109 1319 4114 γ

461 4203 487 4272 1)
507 4201 550 4257 cf.
570 4201 713 4297 Reseher‚
731 4201 863 4257 Lexieon
888 4200 940 4256 der
963 4199 1075 4272 grieeh
1094 4216 1122 4254 u.
1140 4203 1212 4254 rbm.
1204 4169 1421 4308 Mytbologie

356 4293 410 4347 sub
429 4309 457 4349 v.
471 4293 579 4350 Fors·
