<?xml version="1.0" encoding="UTF-8"?>
<!DOCTYPE html PUBLIC "-//W3C//DTD XHTML 1.0 Transitional//EN"
    "http://www.w3.org/TR/xhtml1/DTD/xhtml1-transitional.dtd">
<html xmlns="http://www.w3.org/1999/xhtml" xml:lang="en" lang="en">
 <head>
  <title>
</title>
<meta http-equiv="Content-Type" content="text/html;charset=utf-8" />
  <meta name='ocr-system' content='tesseract 3.04.00' />
  <meta name='ocr-capabilities' content='ocr_page ocr_carea ocr_par ocr_line ocrx_word'/>
</head>
<body>
  <div class='ocr_page' id='page_1' title='image "./desermoneterent00johngoog_0037.png"; bbox 0 0 3214 5062; ppageno 0'>
   <div class='ocr_carea' id='block_1_1' title="bbox 790 448 967 508">
    <p class='ocr_par' dir='ltr' id='par_1_1' title="bbox 790 448 967 508">
     <span class='ocr_line' id='line_1_1' title="bbox 790 448 967 508; baseline -0.006 -13"><span class='ocrx_word' id='word_1_1' title='bbox 790 448 967 508; x_wconf 73' lang='lat'>..32...</span> 
     </span>
    </p>
   </div>
   <div class='ocr_carea' id='block_1_2' title="bbox 286 619 1413 1798">
    <p class='ocr_par' dir='ltr' id='par_1_2' title="bbox 286 619 1413 1798">
     <span class='ocr_line' id='line_1_2' title="bbox 344 619 1410 706; baseline 0 -20"><span class='ocrx_word' id='word_1_2' title='bbox 344 621 535 706; x_wconf 80' lang='lat' dir='ltr'>frequenter</span> <span class='ocrx_word' id='word_1_3' title='bbox 550 620 723 704; x_wconf 77' lang='lat' dir='ltr'>coniuncte</span> <span class='ocrx_word' id='word_1_4' title='bbox 737 619 936 700; x_wconf 72' lang='lat' dir='ltr'>invenimus,</span> <span class='ocrx_word' id='word_1_5' title='bbox 953 627 990 686; x_wconf 91' lang='lat' dir='ltr'>ut</span> <span class='ocrx_word' id='word_1_6' title='bbox 1005 620 1120 688; x_wconf 83' lang='lat' dir='ltr'>‚bonus</span> <span class='ocrx_word' id='word_1_7' title='bbox 1139 624 1167 684; x_wconf 81' lang='lat' dir='ltr'>et</span> <span class='ocrx_word' id='word_1_8' title='bbox 1181 638 1314 706; x_wconf 59' lang='lat' dir='ltr'>aquus,</span> <span class='ocrx_word' id='word_1_9' title='bbox 1323 642 1410 706; x_wconf 59' lang='lat' dir='ltr'>pru«</span> 
     </span>
     <span class='ocr_line' id='line_1_3' title="bbox 345 727 1413 820; baseline -0.002 -22"><span class='ocrx_word' id='word_1_10' title='bbox 345 733 428 798; x_wconf 79' lang='lat' dir='ltr'>dens</span> <span class='ocrx_word' id='word_1_11' title='bbox 447 736 476 798; x_wconf 85' lang='lat' dir='ltr'>et</span> <span class='ocrx_word' id='word_1_12' title='bbox 497 731 611 820; x_wconf 70' lang='lat' dir='ltr'>solens,</span> <span class='ocrx_word' id='word_1_13' title='bbox 634 729 726 796; x_wconf 81' lang='lat' dir='ltr'>uiuos</span> <span class='ocrx_word' id='word_1_14' title='bbox 739 727 923 816; x_wconf 80' lang='lat' dir='ltr'>vidensque,</span> <span class='ocrx_word' id='word_1_15' title='bbox 946 732 1015 796; x_wconf 81' lang='lat' dir='ltr'>vitu</span> <span class='ocrx_word' id='word_1_16' title='bbox 1030 734 1060 794; x_wconf 85' lang='lat' dir='ltr'>et</span> <span class='ocrx_word' id='word_1_17' title='bbox 1072 733 1169 811; x_wconf 82' lang='lat' dir='ltr'>uetus,</span> <span class='ocrx_word' id='word_1_18' title='bbox 1185 730 1264 796; x_wconf 80' lang='lat' dir='ltr'>noui</span> <span class='ocrx_word' id='word_1_19' title='bbox 1279 736 1308 796; x_wconf 85' lang='lat' dir='ltr'>et</span> <span class='ocrx_word' id='word_1_20' title='bbox 1326 731 1413 814; x_wconf 84' lang='lat' dir='ltr'>soio;</span> 
     </span>
     <span class='ocr_line' id='line_1_4' title="bbox 349 839 1412 929; baseline -0.003 -23"><span class='ocrx_word' id='word_1_21' title='bbox 349 841 471 926; x_wconf 88' lang='lat' dir='ltr'>quibus</span> <span class='ocrx_word' id='word_1_22' title='bbox 493 842 526 908; x_wconf 89' lang='lat' dir='ltr'>iu</span> <span class='ocrx_word' id='word_1_23' title='bbox 551 839 772 929; x_wconf 82' lang='lat' dir='ltr'>locutionibus</span> <span class='ocrx_word' id='word_1_24' title='bbox 797 839 872 906; x_wconf 85' lang='lat' dir='ltr'>bine</span> <span class='ocrx_word' id='word_1_25' title='bbox 895 841 996 906; x_wconf 83' lang='lat' dir='ltr'>verbe</span> <span class='ocrx_word' id='word_1_26' title='bbox 1015 841 1050 904; x_wconf 91' lang='lat' dir='ltr'>iu</span> <span class='ocrx_word' id='word_1_27' title='bbox 1079 839 1231 906; x_wconf 75' lang='lat' dir='ltr'>condiant</span> <span class='ocrx_word' id='word_1_28' title='bbox 1254 841 1412 908; x_wconf 87' lang='lat' dir='ltr'>sermonis</span> 
     </span>
     <span class='ocr_line' id='line_1_5' title="bbox 347 946 1412 1034; baseline -0.004 -18"><span class='ocrx_word' id='word_1_29' title='bbox 347 951 618 1016; x_wconf 86' lang='lat' dir='ltr'>consuetudinem</span> <span class='ocrx_word' id='word_1_30' title='bbox 655 946 784 1014; x_wconf 84' lang='lat' dir='ltr'>venisse</span> <span class='ocrx_word' id='word_1_31' title='bbox 821 950 982 1017; x_wconf 85' lang='lat' dir='ltr'>videntur.</span> <span class='ocrx_word' id='word_1_32' title='bbox 1040 950 1206 1034; x_wconf 83' lang='lat' dir='ltr'>Plerisque</span> <span class='ocrx_word' id='word_1_33' title='bbox 1241 951 1322 1016; x_wconf 88' lang='lat' dir='ltr'>loeis</span> <span class='ocrx_word' id='word_1_34' title='bbox 1355 947 1412 1024; x_wconf 80' lang='lat' dir='ltr'>ubi</span> 
     </span>
     <span class='ocr_line' id='line_1_6' title="bbox 346 1057 1412 1142; baseline -0.002 -19"><span class='ocrx_word' id='word_1_35' title='bbox 346 1059 448 1126; x_wconf 78' lang='lat' dir='ltr'>verbe</span> <span class='ocrx_word' id='word_1_36' title='bbox 475 1067 657 1142; x_wconf 74' lang='lat' dir='ltr'>synonyme</span> <span class='ocrx_word' id='word_1_37' title='bbox 684 1059 931 1140; x_wconf 84' lang='lat' dir='ltr'>coniunguntur</span> <span class='ocrx_word' id='word_1_38' title='bbox 957 1057 1107 1124; x_wconf 77' lang='lat' dir='ltr'><strong>Donatus</strong></span> <span class='ocrx_word' id='word_1_39' title='bbox 1136 1059 1311 1124; x_wconf 77' lang='lat' dir='ltr'><strong>discrimen</strong></span> <span class='ocrx_word' id='word_1_40' title='bbox 1338 1058 1412 1122; x_wconf 87' lang='lat' dir='ltr'>fecit</span> 
     </span>
     <span class='ocr_line' id='line_1_7' title="bbox 348 1167 1412 1252; baseline -0.005 -17"><span class='ocrx_word' id='word_1_41' title='bbox 348 1189 389 1235; x_wconf 89' lang='lat' dir='ltr'>ne</span> <span class='ocrx_word' id='word_1_42' title='bbox 413 1169 607 1234; x_wconf 78' lang='lat' dir='ltr'>alterutrum</span> <span class='ocrx_word' id='word_1_43' title='bbox 628 1167 795 1232; x_wconf 75' lang='lat' dir='ltr'>abundare</span> <span class='ocrx_word' id='word_1_44' title='bbox 818 1167 993 1250; x_wconf 80' lang='lat' dir='ltr'>videretur,</span> <span class='ocrx_word' id='word_1_45' title='bbox 1014 1169 1071 1234; x_wconf 90' lang='lat' dir='ltr'>sed</span> <span class='ocrx_word' id='word_1_46' title='bbox 1094 1187 1159 1232; x_wconf 90' lang='lat' dir='ltr'>non</span> <span class='ocrx_word' id='word_1_47' title='bbox 1184 1187 1311 1252; x_wconf 87' lang='lat' dir='ltr'>semper</span> <span class='ocrx_word' id='word_1_48' title='bbox 1340 1185 1412 1232; x_wconf 91' lang='lat' dir='ltr'>sen·</span> 
     </span>
     <span class='ocr_line' id='line_1_8' title="bbox 348 1277 1413 1362; baseline -0.006 -16"><span class='ocrx_word' id='word_1_49' title='bbox 348 1280 480 1346; x_wconf 79' lang='lat' dir='ltr'>tentiam</span> <span class='ocrx_word' id='word_1_50' title='bbox 504 1283 588 1344; x_wconf 88' lang='lat' dir='ltr'>reete</span> <span class='ocrx_word' id='word_1_51' title='bbox 611 1279 843 1362; x_wconf 76' lang='lat' dir='ltr'>interpretetus</span> <span class='ocrx_word' id='word_1_52' title='bbox 867 1281 924 1344; x_wconf 86' lang='lat' dir='ltr'>eet.</span> <span class='ocrx_word' id='word_1_53' title='bbox 971 1277 1086 1362; x_wconf 83' lang='lat' dir='ltr'>Neque</span> <span class='ocrx_word' id='word_1_54' title='bbox 1121 1279 1198 1362; x_wconf 88' lang='lat' dir='ltr'>qnid</span> <span class='ocrx_word' id='word_1_55' title='bbox 1231 1278 1413 1342; x_wconf 77' lang='lat' dir='ltr'>iudicemus</span> 
     </span>
     <span class='ocr_line' id='line_1_9' title="bbox 348 1387 1411 1473; baseline -0.003 -20"><span class='ocrx_word' id='word_1_56' title='bbox 348 1389 469 1473; x_wconf 91' lang='lat' dir='ltr'>ubique</span> <span class='ocrx_word' id='word_1_57' title='bbox 480 1389 514 1452; x_wconf 91' lang='lat' dir='ltr'>in</span> <span class='ocrx_word' id='word_1_58' title='bbox 531 1393 682 1472; x_wconf 89' lang='lat' dir='ltr'>promptu</span> <span class='ocrx_word' id='word_1_59' title='bbox 698 1390 760 1470; x_wconf 83' lang='lat' dir='ltr'>est3</span> <span class='ocrx_word' id='word_1_60' title='bbox 784 1405 857 1450; x_wconf 86' lang='lat' dir='ltr'>oum</span> <span class='ocrx_word' id='word_1_61' title='bbox 878 1389 965 1452; x_wconf 84' lang='lat' dir='ltr'>euim</span> <span class='ocrx_word' id='word_1_62' title='bbox 984 1388 1074 1452; x_wconf 86' lang='lat' dir='ltr'>nulle</span> <span class='ocrx_word' id='word_1_63' title='bbox 1096 1407 1161 1451; x_wconf 80' lang='lat' dir='ltr'>vox</span> <span class='ocrx_word' id='word_1_64' title='bbox 1177 1407 1212 1452; x_wconf 89' lang='lat' dir='ltr'>ro</span> <span class='ocrx_word' id='word_1_65' title='bbox 1227 1406 1303 1452; x_wconf 82' lang='lat' dir='ltr'>rere</span> <span class='ocrx_word' id='word_1_66' title='bbox 1325 1387 1411 1451; x_wconf 87' lang='lat' dir='ltr'>idem</span> 
     </span>
     <span class='ocr_line' id='line_1_10' title="bbox 349 1495 1411 1581; baseline -0.004 -17"><span class='ocrx_word' id='word_1_67' title='bbox 349 1498 510 1581; x_wconf 82' lang='lat' dir='ltr'>significet</span> <span class='ocrx_word' id='word_1_68' title='bbox 548 1495 634 1580; x_wconf 87' lang='lat' dir='ltr'>quod</span> <span class='ocrx_word' id='word_1_69' title='bbox 672 1495 780 1576; x_wconf 77' lang='lat' dir='ltr'>altere,</span> <span class='ocrx_word' id='word_1_70' title='bbox 818 1495 948 1561; x_wconf 87' lang='lat' dir='ltr'>difficile</span> <span class='ocrx_word' id='word_1_71' title='bbox 980 1497 1144 1561; x_wconf 89' lang='lat' dir='ltr'>interdum</span> <span class='ocrx_word' id='word_1_72' title='bbox 1180 1503 1231 1562; x_wconf 88' lang='lat' dir='ltr'>est</span> <span class='ocrx_word' id='word_1_73' title='bbox 1269 1497 1411 1580; x_wconf 82' lang='lat' dir='ltr'>cognitu,</span> 
     </span>
     <span class='ocr_line' id='line_1_11' title="bbox 350 1603 1411 1684; baseline -0.005 -11"><span class='ocrx_word' id='word_1_74' title='bbox 350 1615 460 1673; x_wconf 88' lang='lat' dir='ltr'>utrum</span> <span class='ocrx_word' id='word_1_75' title='bbox 483 1606 655 1671; x_wconf 80' lang='lat' dir='ltr'>Terentius.</span> <span class='ocrx_word' id='word_1_76' title='bbox 687 1603 772 1684; x_wconf 87' lang='lat' dir='ltr'>binis</span> <span class='ocrx_word' id='word_1_77' title='bbox 806 1604 915 1670; x_wconf 84' lang='lat' dir='ltr'>verbis</span> <span class='ocrx_word' id='word_1_78' title='bbox 953 1607 1033 1672; x_wconf 85' lang='lat' dir='ltr'>usus</span> <span class='ocrx_word' id='word_1_79' title='bbox 1067 1608 1112 1670; x_wconf 85' lang='lat' dir='ltr'>sit</span> <span class='ocrx_word' id='word_1_80' title='bbox 1145 1605 1187 1670; x_wconf 86' lang='lat' dir='ltr'>ed</span> <span class='ocrx_word' id='word_1_81' title='bbox 1220 1606 1411 1671; x_wconf 80' lang='lat' dir='ltr'>senteutiam</span> 
     </span>
     <span class='ocr_line' id='line_1_12' title="bbox 286 1713 1113 1798; baseline -0.002 -16"><span class='ocrx_word' id='word_1_82' title='bbox 286 1752 289 1757; x_wconf 93' lang='lat'>·</span> <span class='ocrx_word' id='word_1_83' title='bbox 349 1717 525 1784; x_wconf 77' lang='lat' dir='ltr'>ornandam</span> <span class='ocrx_word' id='word_1_84' title='bbox 549 1734 591 1778; x_wconf 82' lang='lat' dir='ltr'>en</span> <span class='ocrx_word' id='word_1_85' title='bbox 614 1715 677 1778; x_wconf 82' lang='lat' dir='ltr'>elie</span> <span class='ocrx_word' id='word_1_86' title='bbox 700 1713 814 1780; x_wconf 78' lang='lat' dir='ltr'>debeat</span> <span class='ocrx_word' id='word_1_87' title='bbox 835 1713 980 1798; x_wconf 84' lang='lat' dir='ltr'>intellegi</span> <span class='ocrx_word' id='word_1_88' title='bbox 1001 1735 1113 1781; x_wconf 81' lang='lat' dir='ltr'>oense.</span> 
     </span>
    </p>
   </div>
   <div class='ocr_carea' id='block_1_3' title="bbox 268 1831 1414 2355">
    <p class='ocr_par' dir='ltr' id='par_1_3' title="bbox 268 1831 1413 1924">
     <span class='ocr_line' id='line_1_13' title="bbox 268 1831 1413 1924; baseline -0.005 -22"><span class='ocrx_word' id='word_1_89' title='bbox 268 1920 270 1924; x_wconf 17' lang='grc' dir='ltr'><strong><em>ι</em></strong></span> <span class='ocrx_word' id='word_1_90' title='bbox 459 1837 565 1920; x_wconf 82' lang='lat' dir='ltr'>Atque</span> <span class='ocrx_word' id='word_1_91' title='bbox 586 1837 622 1895; x_wconf 91' lang='lat' dir='ltr'>ut</span> <span class='ocrx_word' id='word_1_92' title='bbox 638 1831 677 1896; x_wconf 91' lang='lat' dir='ltr'>de</span> <span class='ocrx_word' id='word_1_93' title='bbox 700 1832 907 1897; x_wconf 79' lang='lat' dir='ltr'>adieetivis</span> <span class='ocrx_word' id='word_1_94' title='bbox 929 1835 1070 1899; x_wconf 85' lang='lat' dir='ltr'>initium</span> <span class='ocrx_word' id='word_1_95' title='bbox 1083 1833 1198 1897; x_wconf 82' lang='lat' dir='ltr'>faciem</span> <span class='ocrx_word' id='word_1_96' title='bbox 1222 1835 1361 1917; x_wconf 88' lang='lat' dir='ltr'>primum</span> <span class='ocrx_word' id='word_1_97' title='bbox 1376 1850 1413 1898; x_wconf 84' lang='lat' dir='ltr'>ee</span> 
     </span>
    </p>

    <p class='ocr_par' dir='ltr' id='par_1_4' title="bbox 349 1940 1414 2355">
     <span class='ocr_line' id='line_1_14' title="bbox 349 1940 1414 2030; baseline -0.002 -20"><span class='ocrx_word' id='word_1_98' title='bbox 349 1949 384 2010; x_wconf 90' lang='lat' dir='ltr'>in</span> <span class='ocrx_word' id='word_1_99' title='bbox 417 1944 538 2030; x_wconf 87' lang='lat' dir='ltr'>quibus</span> <span class='ocrx_word' id='word_1_100' title='bbox 570 1940 738 2016; x_wconf 84' lang='lat' dir='ltr'>Terentius</span> <span class='ocrx_word' id='word_1_101' title='bbox 769 1941 934 2007; x_wconf 79' lang='lat' dir='ltr'>vocubulis</span> <span class='ocrx_word' id='word_1_102' title='bbox 963 1943 1048 2008; x_wconf 89' lang='lat' dir='ltr'>binis</span> <span class='ocrx_word' id='word_1_103' title='bbox 1086 1963 1161 2008; x_wconf 89' lang='lat' dir='ltr'>eum</span> <span class='ocrx_word' id='word_1_104' title='bbox 1195 1943 1414 2023; x_wconf 85' lang='lat' dir='ltr'>elliteretioue,</span> 
     </span>
     <span class='ocr_line' id='line_1_15' title="bbox 351 2048 1413 2137; baseline -0.001 -20"><span class='ocrx_word' id='word_1_105' title='bbox 351 2073 449 2137; x_wconf 84' lang='lat' dir='ltr'>quem</span> <span class='ocrx_word' id='word_1_106' title='bbox 484 2048 663 2134; x_wconf 59' lang='lat' dir='ltr'>dictumst)</span> <span class='ocrx_word' id='word_1_107' title='bbox 708 2053 891 2116; x_wconf 87' lang='lat' dir='ltr'>ooniuuotie</span> <span class='ocrx_word' id='word_1_108' title='bbox 927 2053 1032 2117; x_wconf 88' lang='lat' dir='ltr'>utitur</span> <span class='ocrx_word' id='word_1_109' title='bbox 1060 2052 1199 2118; x_wconf 83' lang='lat' dir='ltr'>efferam.</span> <span class='ocrx_word' id='word_1_110' title='bbox 1247 2049 1308 2127; x_wconf 79' lang='lat' dir='ltr'>Qui</span> <span class='ocrx_word' id='word_1_111' title='bbox 1332 2070 1413 2118; x_wconf 83' lang='lat' dir='ltr'>usus</span> 
     </span>
     <span class='ocr_line' id='line_1_16' title="bbox 351 2159 1412 2247; baseline -0.002 -21"><span class='ocrx_word' id='word_1_112' title='bbox 351 2167 548 2247; x_wconf 81' lang='lat' dir='ltr'>quantopere</span> <span class='ocrx_word' id='word_1_113' title='bbox 571 2162 604 2223; x_wconf 89' lang='lat' dir='ltr'>in</span> <span class='ocrx_word' id='word_1_114' title='bbox 629 2160 752 2226; x_wconf 85' lang='lat' dir='ltr'>doliolis</span> <span class='ocrx_word' id='word_1_115' title='bbox 776 2159 894 2224; x_wconf 84' lang='lat' dir='ltr'>Plauto</span> <span class='ocrx_word' id='word_1_116' title='bbox 916 2159 1012 2226; x_wconf 88' lang='lat' dir='ltr'>fuerit</span> <span class='ocrx_word' id='word_1_117' title='bbox 1035 2181 1129 2226; x_wconf 89' lang='lat' dir='ltr'>nemo</span> <span class='ocrx_word' id='word_1_118' title='bbox 1153 2163 1264 2241; x_wconf 86' lang='lat' dir='ltr'>nescit,</span> <span class='ocrx_word' id='word_1_119' title='bbox 1295 2159 1412 2228; x_wconf 85' lang='lat' dir='ltr'>Teren·</span> 
     </span>
     <span class='ocr_line' id='line_1_17' title="bbox 353 2262 1413 2355; baseline -0.001 -19"><span class='ocrx_word' id='word_1_120' title='bbox 353 2275 421 2336; x_wconf 90' lang='lat' dir='ltr'>tius</span> <span class='ocrx_word' id='word_1_121' title='bbox 444 2279 481 2336; x_wconf 92' lang='lat' dir='ltr'>ut</span> <span class='ocrx_word' id='word_1_122' title='bbox 504 2269 579 2334; x_wconf 85' lang='lat' dir='ltr'>eliis</span> <span class='ocrx_word' id='word_1_123' title='bbox 601 2262 647 2334; x_wconf 75' lang='lat' dir='ltr'>ite</span> <span class='ocrx_word' id='word_1_124' title='bbox 670 2269 732 2333; x_wconf 88' lang='lat' dir='ltr'>hoo</span> <span class='ocrx_word' id='word_1_125' title='bbox 748 2289 882 2355; x_wconf 90' lang='lat' dir='ltr'>quoque</span> <span class='ocrx_word' id='word_1_126' title='bbox 894 2276 1084 2335; x_wconf 76' lang='lat' dir='ltr'>ornamento</span> <span class='ocrx_word' id='word_1_127' title='bbox 1099 2271 1285 2354; x_wconf 79' lang='lat' dir='ltr'>parcissime</span> <span class='ocrx_word' id='word_1_128' title='bbox 1301 2270 1413 2336; x_wconf 89' lang='lat' dir='ltr'>utitur.</span> 
     </span>
    </p>
   </div>
   <div class='ocr_carea' id='block_1_4' title="bbox 350 2379 557 2450">
    <p class='ocr_par' dir='ltr' id='par_1_5' title="bbox 350 2379 557 2450">
     <span class='ocr_line' id='line_1_18' title="bbox 350 2379 557 2450; baseline -0.019 -4"><span class='ocrx_word' id='word_1_129' title='bbox 350 2381 468 2450; x_wconf 86' lang='lat' dir='ltr'>Heaut.</span> <span class='ocrx_word' id='word_1_130' title='bbox 494 2379 557 2443; x_wconf 83' lang='lat'>526</span> 
     </span>
    </p>
   </div>
   <div class='ocr_carea' id='block_1_5' title="bbox 510 2507 1415 2683">
    <p class='ocr_par' dir='ltr' id='par_1_6' title="bbox 510 2507 1415 2683">
     <span class='ocr_line' id='line_1_19' title="bbox 510 2507 1415 2607; baseline -0.003 -33"><span class='ocrx_word' id='word_1_131' title='bbox 510 2509 566 2574; x_wconf 82' lang='lat' dir='ltr'>sed</span> <span class='ocrx_word' id='word_1_132' title='bbox 587 2507 678 2607; x_wconf 73' lang='lat' dir='ltr'>iubet</span> <span class='ocrx_word' id='word_1_133' title='bbox 698 2514 825 2593; x_wconf 84' lang='lat' dir='ltr'>putrem</span> <span class='ocrx_word' id='word_1_134' title='bbox 848 2511 1009 2593; x_wconf 83' lang='lat' dir='ltr'>quendam</span> <span class='ocrx_word' id='word_1_135' title='bbox 1032 2509 1166 2573; x_wconf 82' lang='lat' dir='ltr'>uvidum</span> <span class='ocrx_word' id='word_1_136' title='bbox 1189 2509 1304 2574; x_wconf 66' lang='lat' dir='ltr'>misere</span> <span class='ocrx_word' id='word_1_137' title='bbox 1318 2512 1415 2604; x_wconf 80' lang='lat' dir='ltr'>utque</span> 
     </span>
     <span class='ocr_line' id='line_1_20' title="bbox 723 2619 918 2683; baseline 0.01 -2"><span class='ocrx_word' id='word_1_138' title='bbox 723 2637 726 2644; x_wconf 87' lang='lat'>·</span> <span class='ocrx_word' id='word_1_139' title='bbox 776 2619 918 2683; x_wconf 67' lang='lat' dir='ltr'>aridum.</span> 
     </span>
    </p>
   </div>
   <div class='ocr_carea' id='block_1_6' title="bbox 347 2745 1414 3052">
    <p class='ocr_par' dir='ltr' id='par_1_7' title="bbox 347 2745 1414 3052">
     <span class='ocr_line' id='line_1_21' title="bbox 352 2745 1414 2814; baseline -0.005 0"><span class='ocrx_word' id='word_1_140' title='bbox 352 2747 424 2814; x_wconf 91' lang='lat' dir='ltr'>Hoo</span> <span class='ocrx_word' id='word_1_141' title='bbox 446 2748 515 2811; x_wconf 91' lang='lat' dir='ltr'>looo</span> <span class='ocrx_word' id='word_1_142' title='bbox 538 2745 705 2810; x_wconf 81' lang='lat' dir='ltr'>Terentius</span> <span class='ocrx_word' id='word_1_143' title='bbox 728 2747 839 2810; x_wconf 89' lang='lat' dir='ltr'>ludere</span> <span class='ocrx_word' id='word_1_144' title='bbox 858 2745 963 2810; x_wconf 86' lang='lat' dir='ltr'>verbis</span> <span class='ocrx_word' id='word_1_145' title='bbox 983 2747 1118 2810; x_wconf 82' lang='lat' dir='ltr'>auidum</span> <span class='ocrx_word' id='word_1_146' title='bbox 1134 2755 1166 2811; x_wconf 91' lang='lat' dir='ltr'>et</span> <span class='ocrx_word' id='word_1_147' title='bbox 1180 2746 1313 2812; x_wconf 69' lang='lat' dir='ltr'>aridum</span> <span class='ocrx_word' id='word_1_148' title='bbox 1328 2745 1414 2810; x_wconf 81' lang='lat' dir='ltr'>virle·</span> 
     </span>
     <span class='ocr_line' id='line_1_22' title="bbox 352 2847 1411 2922; baseline -0.004 0"><span class='ocrx_word' id='word_1_149' title='bbox 352 2847 415 2922; x_wconf 78' lang='lat' dir='ltr'>tur.</span> <span class='ocrx_word' id='word_1_150' title='bbox 461 2855 596 2920; x_wconf 82' lang='lat' dir='ltr'>Plautus</span> <span class='ocrx_word' id='word_1_151' title='bbox 621 2874 699 2920; x_wconf 85' lang='lat' dir='ltr'>voce</span> <span class='ocrx_word' id='word_1_152' title='bbox 732 2854 847 2918; x_wconf 63' lang='lat' dir='ltr'>aeteus</span> <span class='ocrx_word' id='word_1_153' title='bbox 879 2855 938 2918; x_wconf 88' lang='lat' dir='ltr'>hoo</span> <span class='ocrx_word' id='word_1_154' title='bbox 970 2875 1071 2920; x_wconf 90' lang='lat' dir='ltr'>sensu</span> <span class='ocrx_word' id='word_1_155' title='bbox 1107 2858 1207 2921; x_wconf 89' lang='lat' dir='ltr'>utitur</span> <span class='ocrx_word' id='word_1_156' title='bbox 1235 2854 1312 2922; x_wconf 82' lang='lat' dir='ltr'>Aul.</span> <span class='ocrx_word' id='word_1_157' title='bbox 1347 2855 1411 2920; x_wconf 74' lang='lat'>297</span> 
     </span>
     <span class='ocr_line' id='line_1_23' title="bbox 347 2963 1412 3052; baseline -0.003 -21"><span class='ocrx_word' id='word_1_158' title='bbox 347 2985 474 3052; x_wconf 78' lang='lat' dir='ltr'>pumex</span> <span class='ocrx_word' id='word_1_159' title='bbox 507 2986 574 3031; x_wconf 81' lang='lat' dir='ltr'>noo</span> <span class='ocrx_word' id='word_1_160' title='bbox 597 2969 724 3050; x_wconf 81' lang='lat' dir='ltr'>aequest</span> <span class='ocrx_word' id='word_1_161' title='bbox 751 2964 876 3046; x_wconf 64' lang='lat' dir='ltr'>aridus,</span> <span class='ocrx_word' id='word_1_162' title='bbox 899 2969 993 3047; x_wconf 86' lang='lat' dir='ltr'>utque</span> <span class='ocrx_word' id='word_1_163' title='bbox 1015 2965 1068 3028; x_wconf 83' lang='lat' dir='ltr'>tu&#39;o</span> <span class='ocrx_word' id='word_1_164' title='bbox 1090 2970 1136 3030; x_wconf 88' lang='lat' dir='ltr'>est</span> <span class='ocrx_word' id='word_1_165' title='bbox 1156 2983 1262 3046; x_wconf 78' lang='lat' dir='ltr'>serr-ex,</span> <span class='ocrx_word' id='word_1_166' title='bbox 1286 2970 1316 3031; x_wconf 91' lang='lat' dir='ltr'>et</span> <span class='ocrx_word' id='word_1_167' title='bbox 1339 2963 1412 3028; x_wconf 89' lang='lat' dir='ltr'>Per.</span> 
     </span>
    </p>
   </div>
   <div class='ocr_carea' id='block_1_7' title="bbox 350 3073 1415 3268">
    <p class='ocr_par' dir='ltr' id='par_1_8' title="bbox 350 3073 1415 3268">
     <span class='ocr_line' id='line_1_24' title="bbox 352 3073 1415 3170; baseline -0.003 -31"><span class='ocrx_word' id='word_1_168' title='bbox 352 3077 416 3139; x_wconf 85' lang='grc'>266</span> <span class='ocrx_word' id='word_1_169' title='bbox 440 3076 498 3140; x_wconf 91' lang='lat' dir='ltr'>ubi</span> <span class='ocrx_word' id='word_1_170' title='bbox 520 3076 583 3139; x_wconf 85' lang='lat' dir='ltr'>due</span> <span class='ocrx_word' id='word_1_171' title='bbox 597 3075 696 3138; x_wconf 87' lang='lat' dir='ltr'>verbo</span> <span class='ocrx_word' id='word_1_172' title='bbox 719 3073 836 3138; x_wconf 82' lang='lat' dir='ltr'>auidus</span> <span class='ocrx_word' id='word_1_173' title='bbox 857 3079 889 3138; x_wconf 93' lang='lat' dir='ltr'>et</span> <span class='ocrx_word' id='word_1_174' title='bbox 909 3073 1025 3137; x_wconf 77' lang='lat' dir='ltr'>aridus</span> <span class='ocrx_word' id='word_1_175' title='bbox 1049 3075 1233 3156; x_wconf 78' lang='lat' dir='ltr'>coniungit:</span> <span class='ocrx_word' id='word_1_176' title='bbox 1257 3074 1415 3170; x_wconf 76' lang='lat' dir='ltr'>triparcos</span> 
     </span>
     <span class='ocr_line' id='line_1_25' title="bbox 350 3180 1174 3268; baseline -0.008 -16"><span class='ocrx_word' id='word_1_177' title='bbox 350 3186 497 3252; x_wconf 78' lang='lat' dir='ltr'>homines</span> <span class='ocrx_word' id='word_1_178' title='bbox 519 3184 639 3248; x_wconf 76' lang='lat' dir='ltr'>vetulos</span> <span class='ocrx_word' id='word_1_179' title='bbox 661 3182 772 3247; x_wconf 83' lang='lat' dir='ltr'>avidos</span> <span class='ocrx_word' id='word_1_180' title='bbox 795 3180 943 3268; x_wconf 66' lang='lat' dir='ltr'>arfflJdos.</span> <span class='ocrx_word' id='word_1_181' title='bbox 989 3182 1086 3248; x_wconf 91' lang='lat' dir='ltr'>Phor.</span> <span class='ocrx_word' id='word_1_182' title='bbox 1113 3184 1174 3245; x_wconf 83' lang='grc'>767</span> 
     </span>
    </p>
   </div>
   <div class='ocr_carea' id='block_1_8' title="bbox 512 3293 1415 3504">
    <p class='ocr_par' dir='ltr' id='par_1_9' title="bbox 512 3293 1415 3504">
     <span class='ocr_line' id='line_1_26' title="bbox 512 3293 1415 3376; baseline -0.002 -2"><span class='ocrx_word' id='word_1_183' title='bbox 512 3311 591 3374; x_wconf 82' lang='lat' dir='ltr'>rium</span> <span class='ocrx_word' id='word_1_184' title='bbox 634 3298 778 3374; x_wconf 71' lang='lat' dir='ltr'>trienium</span> <span class='ocrx_word' id='word_1_185' title='bbox 820 3310 887 3373; x_wconf 77' lang='lat' dir='ltr'>diei</span> <span class='ocrx_word' id='word_1_186' title='bbox 929 3330 989 3375; x_wconf 80' lang='lat' dir='ltr'>uos</span> <span class='ocrx_word' id='word_1_187' title='bbox 1036 3311 1133 3376; x_wconf 78' lang='lat' dir='ltr'>bonos</span> <span class='ocrx_word' id='word_1_188' title='bbox 1174 3293 1340 3374; x_wconf 83' lang='lat' dir='ltr'>studemus</span> <span class='ocrx_word' id='word_1_189' title='bbox 1385 3313 1415 3372; x_wconf 88' lang='lat' dir='ltr'>et</span> 
     </span>
     <span class='ocr_line' id='line_1_27' title="bbox 778 3419 939 3504; baseline 0 -22"><span class='ocrx_word' id='word_1_190' title='bbox 778 3419 939 3504; x_wconf 65' lang='lat' dir='ltr'>beutqnos,</span> 
     </span>
    </p>
   </div>
   <div class='ocr_carea' id='block_1_9' title="bbox 353 3548 1413 3744">
    <p class='ocr_par' dir='ltr' id='par_1_10' title="bbox 353 3548 1413 3744">
     <span class='ocr_line' id='line_1_28' title="bbox 353 3548 1412 3642; baseline -0.005 -26"><span class='ocrx_word' id='word_1_191' title='bbox 353 3554 400 3620; x_wconf 81' lang='lat' dir='ltr'>cf.</span> <span class='ocrx_word' id='word_1_192' title='bbox 423 3551 502 3620; x_wconf 91' lang='lat' dir='ltr'>Hor.</span> <span class='ocrx_word' id='word_1_193' title='bbox 526 3551 590 3616; x_wconf 85' lang='lat' dir='ltr'>Sat.</span> <span class='ocrx_word' id='word_1_194' title='bbox 614 3549 684 3631; x_wconf 76' lang='lat'>12,</span> <span class='ocrx_word' id='word_1_195' title='bbox 710 3548 749 3612; x_wconf 82' lang='lat'>51</span> <span class='ocrx_word' id='word_1_196' title='bbox 773 3550 874 3614; x_wconf 74' lang='lat' dir='ltr'>‘vellet</span> <span class='ocrx_word' id='word_1_197' title='bbox 901 3549 1004 3614; x_wconf 73' lang='lat' dir='ltr'>bonore</span> <span class='ocrx_word' id='word_1_198' title='bbox 1032 3557 1127 3642; x_wconf 83' lang='lat' dir='ltr'>alque</span> <span class='ocrx_word' id='word_1_199' title='bbox 1157 3551 1315 3633; x_wconf 74' lang='lat' dir='ltr'>benipnus</span> <span class='ocrx_word' id='word_1_200' title='bbox 1337 3569 1412 3612; x_wconf 85' lang='lat' dir='ltr'>esse.</span> 
     </span>
     <span class='ocr_line' id='line_1_29' title="bbox 353 3657 1413 3744; baseline -0.002 -20"><span class='ocrx_word' id='word_1_201' title='bbox 353 3661 402 3725; x_wconf 86' lang='lat' dir='ltr'>Pl.</span> <span class='ocrx_word' id='word_1_202' title='bbox 425 3658 518 3724; x_wconf 87' lang='lat' dir='ltr'>Truo.</span> <span class='ocrx_word' id='word_1_203' title='bbox 543 3658 584 3721; x_wconf 89' lang='grc'>34</span> <span class='ocrx_word' id='word_1_204' title='bbox 608 3665 740 3744; x_wconf 86' lang='lat' dir='ltr'>temptat</span> <span class='ocrx_word' id='word_1_205' title='bbox 774 3659 972 3742; x_wconf 75' lang='lat' dir='ltr'>beur&#39;quusne</span> <span class='ocrx_word' id='word_1_206' title='bbox 1005 3681 1050 3723; x_wconf 83' lang='lat' dir='ltr'>un</span> <span class='ocrx_word' id='word_1_207' title='bbox 1082 3660 1181 3725; x_wconf 82' lang='lat' dir='ltr'>bonae</span> <span class='ocrx_word' id='word_1_208' title='bbox 1212 3659 1304 3744; x_wconf 74' lang='lat' dir='ltr'>frupi</span> <span class='ocrx_word' id='word_1_209' title='bbox 1339 3657 1413 3722; x_wconf 81' lang='lat' dir='ltr'>sies.</span> 
     </span>
    </p>
   </div>
   <div class='ocr_carea' id='block_1_10' title="bbox 352 3883 1414 4323">
    <p class='ocr_par' dir='ltr' id='par_1_11' title="bbox 352 3883 1414 4323">
     <span class='ocr_line' id='line_1_30' title="bbox 458 3883 1410 3958; baseline -0.001 -13"><span class='ocrx_word' id='word_1_210' title='bbox 458 3887 483 3955; x_wconf 88' lang='lat'>1)</span> <span class='ocrx_word' id='word_1_211' title='bbox 502 3883 546 3942; x_wconf 79' lang='lat' dir='ltr'>cl.</span> <span class='ocrx_word' id='word_1_212' title='bbox 565 3886 601 3942; x_wconf 92' lang='lat' dir='ltr'>de</span> <span class='ocrx_word' id='word_1_213' title='bbox 621 3886 678 3942; x_wconf 89' lang='lat' dir='ltr'>hoo</span> <span class='ocrx_word' id='word_1_214' title='bbox 695 3885 823 3942; x_wconf 79' lang='lat' dir='ltr'>termino</span> <span class='ocrx_word' id='word_1_215' title='bbox 843 3884 971 3951; x_wconf 81' lang='lat' dir='ltr'>Norden,</span> <span class='ocrx_word' id='word_1_216' title='bbox 981 3887 1095 3942; x_wconf 84' lang='lat' dir='ltr'>Antike</span> <span class='ocrx_word' id='word_1_217' title='bbox 1115 3887 1306 3956; x_wconf 82' lang='lat' dir='ltr'>Kunstproee</span> <span class='ocrx_word' id='word_1_218' title='bbox 1321 3901 1350 3958; x_wconf 84' lang='lat' dir='ltr'>p.</span> <span class='ocrx_word' id='word_1_219' title='bbox 1366 3883 1410 3944; x_wconf 80' lang='lat' dir='ltr'>to,</span> 
     </span>
     <span class='ocr_line' id='line_1_31' title="bbox 353 3973 1414 4049; baseline -0.006 -17"><span class='ocrx_word' id='word_1_220' title='bbox 353 3977 388 4033; x_wconf 91' lang='lat' dir='ltr'>de</span> <span class='ocrx_word' id='word_1_221' title='bbox 408 3976 609 4034; x_wconf 82' lang='lat' dir='ltr'>elliteretione</span> <span class='ocrx_word' id='word_1_222' title='bbox 637 3977 717 4049; x_wconf 81' lang='lat' dir='ltr'>apud</span> <span class='ocrx_word' id='word_1_223' title='bbox 743 3982 846 4049; x_wconf 87' lang='lat' dir='ltr'>poetos</span> <span class='ocrx_word' id='word_1_224' title='bbox 881 3976 981 4047; x_wconf 87' lang='lat' dir='ltr'>eploos</span> <span class='ocrx_word' id='word_1_225' title='bbox 1000 3977 1134 4043; x_wconf 89' lang='lat' dir='ltr'>eundem,</span> <span class='ocrx_word' id='word_1_226' title='bbox 1162 3977 1284 4048; x_wconf 83' lang='lat' dir='ltr'>Vergile</span> <span class='ocrx_word' id='word_1_227' title='bbox 1303 3973 1414 4032; x_wconf 82' lang='lat' dir='ltr'>Aeneis</span> 
     </span>
     <span class='ocr_line' id='line_1_32' title="bbox 352 4065 1413 4140; baseline -0.005 -17"><span class='ocrx_word' id='word_1_228' title='bbox 352 4067 435 4123; x_wconf 87' lang='lat' dir='ltr'>Buoh</span> <span class='ocrx_word' id='word_1_229' title='bbox 455 4069 497 4123; x_wconf 87' lang='lat' dir='ltr'>VI</span> <span class='ocrx_word' id='word_1_230' title='bbox 514 4087 544 4140; x_wconf 91' lang='lat' dir='ltr'>p.</span> <span class='ocrx_word' id='word_1_231' title='bbox 563 4069 629 4137; x_wconf 79' lang='lat'>9073</span> <span class='ocrx_word' id='word_1_232' title='bbox 655 4067 735 4140; x_wconf 86' lang='lat' dir='ltr'>apud</span> <span class='ocrx_word' id='word_1_233' title='bbox 752 4067 924 4124; x_wconf 81' lang='lat' dir='ltr'>Lucretium</span> <span class='ocrx_word' id='word_1_234' title='bbox 943 4069 1069 4123; x_wconf 89' lang='lat' dir='ltr'>similem</span> <span class='ocrx_word' id='word_1_235' title='bbox 1088 4068 1246 4124; x_wconf 89' lang='lat' dir='ltr'>verborum</span> <span class='ocrx_word' id='word_1_236' title='bbox 1264 4065 1413 4138; x_wconf 77' lang='lat' dir='ltr'>cognomi·</span> 
     </span>
     <span class='ocr_line' id='line_1_33' title="bbox 352 4156 1413 4231; baseline -0.006 -14"><span class='ocrx_word' id='word_1_237' title='bbox 352 4166 492 4217; x_wconf 82' lang='lat' dir='ltr'>natorum</span> <span class='ocrx_word' id='word_1_238' title='bbox 522 4162 652 4216; x_wconf 86' lang='lat' dir='ltr'>sonitum</span> <span class='ocrx_word' id='word_1_239' title='bbox 681 4159 861 4231; x_wconf 88' lang='lat' dir='ltr'>permultum</span> <span class='ocrx_word' id='word_1_240' title='bbox 892 4159 990 4214; x_wconf 85' lang='lat' dir='ltr'>velere</span> <span class='ocrx_word' id='word_1_241' title='bbox 1018 4158 1161 4231; x_wconf 83' lang='lat' dir='ltr'>exemplis</span> <span class='ocrx_word' id='word_1_242' title='bbox 1191 4158 1328 4231; x_wconf 85' lang='lat' dir='ltr'>plurimis</span> <span class='ocrx_word' id='word_1_243' title='bbox 1365 4156 1413 4212; x_wconf 79' lang='lat' dir='ltr'>tle·</span> 
     </span>
     <span class='ocr_line' id='line_1_34' title="bbox 352 4249 1370 4323; baseline -0.003 -16"><span class='ocrx_word' id='word_1_244' title='bbox 352 4250 534 4308; x_wconf 78' lang='lat' dir='ltr'>monstravit</span> <span class='ocrx_word' id='word_1_245' title='bbox 552 4249 704 4306; x_wconf 83' lang='lat' dir='ltr'>Kreetsoh</span> <span class='ocrx_word' id='word_1_246' title='bbox 722 4249 753 4305; x_wconf 90' lang='lat' dir='ltr'>in</span> <span class='ocrx_word' id='word_1_247' title='bbox 772 4250 982 4306; x_wconf 76' lang='lat' dir='ltr'>dissertatione</span> <span class='ocrx_word' id='word_1_248' title='bbox 1002 4268 1092 4323; x_wconf 82' lang='lat' dir='ltr'>supro</span> <span class='ocrx_word' id='word_1_249' title='bbox 1110 4251 1242 4308; x_wconf 81' lang='lat' dir='ltr'>leudsts.</span> <span class='ocrx_word' id='word_1_250' title='bbox 1367 4259 1370 4264; x_wconf 82' lang='lat'>&#39;</span> 
     </span>
    </p>
   </div>
   <div class='ocr_carea' id='block_1_11' title="bbox 0 0 1625 5062">
    <p class='ocr_par' dir='ltr' id='par_1_12' title="bbox 0 0 1625 5062">
     <span class='ocr_line' id='line_1_35' title="bbox 0 0 1625 5062; baseline 0 0"><span class='ocrx_word' id='word_1_251' title='bbox 0 0 1625 5062; x_wconf 95' lang='lat' dir='ltr'> </span> 
     </span>
    </p>
   </div>
  </div>
 </body>
</html>
