3214 5062
792 469 972 531 ..66-

350 644 408 709 ubi
433 647 494 732 fac
518 693 525 709 .
551 695 559 711 .
582 642 748 727 relinquas
780 644 858 728 quid
894 644 1024 708 eveniat
1056 644 1283 726 cousuauudo,
1319 665 1416 728 quae-

350 755 458 837 reudo,
481 753 643 838 pereundo
666 754 809 836 exponit.
855 751 1010 818 Similiter
1032 754 1067 817 in
1089 751 1186 820 Adel.
1208 753 1272 818 991

511 861 678 945 ecfuudile,
703 861 804 943 emite,
826 861 922 938 focile
944 861 1030 946 quod
1050 882 1107 927 cos
1128 863 1219 944 lubet,

352 972 472 1035 locutio
493 971 590 1052 facite
612 993 642 1055 q.
655 991 684 1034 u.
695 971 716 1037 l.
731 972 874 1054 priorum
886 970 1060 1038 verborum
1083 973 1248 1036 notionem
1263 973 1415 1037 conduct.

457 1100 545 1166 Lena
572 1102 771 1166 meretricem
801 1101 893 1166 docet
921 1101 999 1186 quid
1026 1099 1132 1167 facore
1159 1105 1312 1185 oporteat,
1333 1101 1413 1168 Hae.

352 1209 482 1275 64-65

509 1325 539 1386 et
560 1338 671 1385 moneo
693 1323 723 1385 et
744 1321 856 1384 hortor
889 1338 931 1384 ue
953 1323 982 1385 te
1006 1320 1221 1402 quoiusquam
1256 1318 1413 1401 misereat,

512 1429 591 1512 quia
616 1428 729 1511 spolies
751 1428 878 1494 mutiles
901 1427 1029 1509 luceres,
1051 1449 1207 1512 quemque
1229 1434 1328 1495 auctu
1356 1429 1412 1495 sis.

351 1559 432 1626 Hoc.
456 1561 521 1622 254

513 1671 572 1733 out
595 1686 632 1732 eu
655 1664 828 1748 refellendo
850 1671 909 1732 aut
930 1665 1102 1751 purpuudo

350 1797 436 1862 Eun.
460 1797 525 1860 554

511 1903 665 1971 obtundat
687 1904 798 1970 enicet
1177 1959 1179 1963 ,

351 2015 389 2080 In
413 2014 497 2080 Eun.
524 2010 653 2077 103-5
676 2014 727 2077 vis
751 2014 873 2076 comica
906 2015 1082 2077 sententiae
1106 2012 1214 2079 verbis
1248 2013 1412 2078 translatis

352 2124 495 2189 additur:

405 2301 407 2310 ,
511 2253 593 2317 quoe
614 2252 692 2299 uuo
714 2229 828 2297 audiui
851 2237 937 2297 tuceo
959 2235 989 2296 et
1010 2232 1157 2298 contineo
1183 2237 1323 2317 optuma·

510 2341 563 2408 siu
585 2341 707 2424 tolerem
730 2347 789 2407 uut
812 2360 934 2407 vuuuuc
952 2344 1020 2412 ,uui
1048 2340 1224 2422 fiucturnat,
1258 2341 1412 2407 contiuuo

772 2450 932 2533 palamst:

506 2561 625 2644 planus
647 2559 807 2626 rimorum
831 2581 912 2640 sum,
935 2560 997 2624 leuc
1019 2563 1115 2640 utque
1137 2558 1213 2624 illac
1230 2559 1368 2643 perfluo.

352 2689 392 2753 In
415 2707 512 2753 versu
536 2688 598 2781 103
622 2686 813 2774 significatio
836 2687 928 2752 verbi
950 2689 1077 2752 tacendi
1106 2687 1317 2752 translatione
1339 2707 1412 2760 con-

352 2799 438 2865 tiueo
473 2803 608 2883 optume,
645 2800 738 2882 quasi
770 2799 810 2863 do
833 2816 909 2862 vase
941 2798 1035 2880 dicto,
1068 2797 1152 2882 quod
1183 2798 1278 2883 plana
1308 2779 1412 2862 estin

353 2928 384 2974 v.
410 2907 483 2990 105,
501 2911 666 2992 repetitur.
712 2908 750 2973 In
774 2927 805 2969 v.
830 2905 893 2971 105
917 2905 968 2971 bis
992 2906 1099 2972 verbis
1132 2908 1295 2973 translatis
1317 2925 1414 2970 causa

352 3018 533 3102 explicatur
562 3037 622 3082 cur
643 3035 695 3083 res
727 3018 832 3103 palam
861 3018 903 3081 sit
925 3017 953 3081 si
974 3015 1069 3080 Thais
1094 3035 1206 3082 verum
1229 3034 1294 3081 non
1319 3014 1412 3081 dicat.

459 3145 521 3210 Sed
564 3148 706 3212 maxime
742 3146 910 3212 Terentius
953 3147 1221 3230 interrogationes
1263 3143 1414 3229 duplicat,

356 3273 451 3338 quem
477 3275 573 3320 usum
597 3258 625 3320 si
640 3257 886 3320 tractaverimus
909 3256 1112 3320 inveniemus
1127 3255 1413 3338 interrogationum

354 3364 604 3430 cumulationem
651 3366 752 3430 animi
797 3364 1042 3429 concitationem
1085 3365 1136 3429 vel
1182 3363 1411 3429 dubitationem

351 3471 533 3556 significare
556 3476 665 3540 solere.
712 3474 797 3539 And.
821 3472 952 3538 8864

511 3584 566 3650 sed
604 3585 683 3669 quid
714 3582 793 3671 epo?
837 3604 920 3665 orror
953 3603 1001 3648 uae
1035 3583 1203 3650 excrucio?
1249 3602 1332 3664 quor
1365 3598 1414 3643 rue

775 3691 924 3758 macero?

511 3823 593 3886 quor
615 3823 718 3869 meum
741 3806 931 3868 seneclutem
957 3801 1057 3870 leuius
1090 3800 1223 3868 sollicito
1247 3795 1413 3894 cucutia?

351 3929 431 3998 Hec.
456 3933 519 3996 516

507 4042 603 4125 perii,
633 4041 713 4125 quid
735 4039 852 4126 upum?
885 4062 1020 4124 quoue
1045 4039 1191 4107 nonum?
1230 4038 1310 4122 quid
1343 4038 1415 4104 uiro

775 4171 842 4215 meo
864 4149 1055 4232 respondedo

512 4258 657 4326 misero?
