3214 5062
821 491 974 552 ,6.-

363 671 538 735 invenitur.
586 669 718 733 Locutio
752 668 1015 733 revorti'iteram
1049 667 1135 731 hand
1159 666 1222 730 alia
1256 689 1273 731 a
1315 667 1433 733 revorti

363 799 499 841 rursum
522 797 591 842 esse
615 778 753 858 videtur,
787 778 878 841 Adel.
904 779 967 840 525
1091 849 1094 853 .

520 871 617 970 prius
651 907 717 952 nor
753 888 955 970 oppressisset
987 886 1037 953 tili
1078 907 1177 968 quom
1211 887 1276 952 true
1310 888 1431 952 revorti

789 1003 895 1079 posset
916 998 1044 1064 iterum.

363 1103 502 1188 Spengel
547 1110 656 1173 autem
699 1106 739 1169 ad
777 1126 908 1174 versum
952 1112 1043 1170 notat
1086 1104 1290 1189 aliquantum
1334 1107 1432 1169 inter·

275 1297 278 1301 .
364 1233 434 1278 esse
456 1216 541 1279 inter
564 1215 743 1279 locutiones
767 1216 858 1281 duas.
905 1215 1040 1280 ‘Iterum
1074 1235 1148 1279 zum
1173 1215 1373 1278 aweitenmal
1398 1217 1432 1278 in

365 1325 416 1387 die
432 1323 523 1388 Stadt
538 1325 698 1406 lrommen¹
721 1326 789 1388 also
813 1326 902 1389 nieht
924 1325 1137 1409 pleonastisch
1160 1344 1202 1388 zu
1220 1325 1339 1388 revorti
1361 1325 1433 1388 hin-

364 1434 526 1517 zugeftigt.
573 1433 668 1498 Doun
683 1435 899 1518 pleonastiseh
923 1435 1002 1500 wird
1018 1452 1102 1497 zuar
1117 1452 1236 1496 rursus
1251 1453 1294 1497 zu
1316 1435 1428 1521 redire,

363 1544 485 1608 revorti
508 1565 543 1611 u.
567 1565 596 1608 a.
619 1549 740 1628 gesetzt
774 1545 829 1608 bei
863 1545 925 1607 deu
950 1543 1125 1608 Komikern
1162 1544 1283 1606 sowohl
1310 1544 1358 1609 als
1383 1545 1433 1608 bei

364 1655 508 1718 anderen
534 1653 798 1734 Sohriltstellern,
835 1655 970 1718 niemals
994 1654 1070 1717 aber
1092 1649 1231 1720 iterum’.
1278 1653 1432 1718 Demeam

367 1765 439 1828 ruri
462 1764 606 1828 habitare
630 1764 748 1828 dooent
769 1783 885 1830 versus
909 1765 951 1826 45
969 1769 1008 1849 et
1031 1763 1083 1844 95,
1116 1768 1213 1845 atque
1241 1780 1315 1825 eum
1341 1763 1433 1826 modo

363 1875 399 1936 in
433 1873 547 1938 urbem
581 1874 708 1937 venisse
731 1873 911 1936 coniectare
939 1891 1112 1955 possumus
1140 1891 1182 1935 ex
1205 1890 1300 1936 versu
1326 1873 1377 1952 92,
1399 1877 1436 1935 ut

368 2003 435 2048 non
462 1984 597 2048 dubium
633 2001 702 2045 esse
737 1982 884 2046 videatur
917 1985 997 2066 quin
1029 1981 1148 2045 iterum
1183 1982 1216 2043 in
1249 2000 1346 2045 versu
1370 1979 1433 2044 525

368 2094 433 2156 vim
456 2095 618 2177 propriam
643 2091 770 2158 habeat.
821 2089 977 2155 Similiter
1000 2092 1034 2154 in
1058 2091 1117 2158 Ph.
1141 2089 1207 2184 404

367 2272 374 2286 .
526 2201 687 2268 tedisium
711 2201 748 2264 de
771 2201 878 2265 eadere
901 2222 1001 2266 oooso
1019 2201 1138 2264 iterum
1161 2206 1199 2264 at
1220 2201 1354 2264 reddent
1376 2200 1436 2264 tibi

367 2311 518 2375 Phormio
553 2331 633 2375 voce
664 2311 783 2388 ilerum
818 2313 908 2394 prius
937 2311 1096 2375 iudicium
1119 2314 1286 2374 memorat.
1333 2311 1436 2373 Aliter

365 2440 419 2485 ree
443 2440 478 2487 se
502 2421 598 2486 habet
620 2422 654 2483 in
677 2420 821 2504 prologo,
845 2419 926 2486 Heo.
953 2420 970 2482 7

1048 2526 1154 2592 noluit

523 2639 643 2703 iterum
665 2638 793 2720 referre,
817 2643 854 2701 at
876 2638 996 2702 iterum
1014 2641 1122 2720 posset
1144 2637 1285 2702 rendere.

365 2746 421 2810 ubi
449 2747 568 2811 iterum
600 2748 754 2828 abundat,
790 2753 897 2831 aperte
932 2752 1041 2810 autem
1077 2743 1229 2809 scribitur
1256 2747 1434 2812 utiterum

363 2857 482 2937 referre
498 2857 663 2922 etiterum
679 2857 813 2923 rendere
834 2859 920 2920 inter
943 2877 977 2920 se
994 2847 1217 2940 respondeant.
1264 2857 1302 2920 In
1320 2858 1430 2920 eodem

365 2966 496 3050 prologo
519 2967 623 3033 denuo
648 2987 722 3031 oum
748 2966 845 3030 verbo
868 2967 1027 3030 referendi
1052 2966 1196 3029 abundat
1222 2966 1308 3034 v.,38
1331 2964 1433 3055 refero

363 3077 477 3155 mono,
493 3076 553 3139 ubi
564 3076 731 3142 Terentius
744 3077 782 3139 de
796 3077 984 3158 repetitione
1000 3078 1103 3160 prima
1115 3074 1264 3156 Hecyrae
1280 3075 1434 3158 loquitur.

366 3183 536 3267 Nusquam
560 3207 638 3251 vero
661 3207 736 3251 eum
753 3187 977 3269 pleonasmum
999 3186 1185 3249 invenimus
1209 3203 1273 3266 quo
1297 3185 1433 3274 Plautus

365 3296 468 3358 utitur
491 3294 591 3364 Poen.
614 3298 654 3360 79
699 3299 842 3359 revortor
863 3315 981 3357 rursus
1004 3295 1107 3359 denuo
1132 3292 1367 3376 Corthopirreoz.

472 3425 629 3509 Persaepe
644 3425 811 3489 Terentius
827 3445 891 3489 eooe
912 3445 1019 3490 eoram
1044 3431 1100 3489 ete.
1125 3444 1198 3488 eum
1224 3425 1320 3489 verbo
1344 3425 1432 3491 oideo

367 3536 554 3624 coniungit
593 3535 719 3599 Hauler
751 3536 790 3599 ad
815 3534 910 3598 Phor.
935 3536 1002 3599 464
1036 3535 1171 3600 affirmat
1208 3535 1431 3616 pleonasmum

364 3645 397 3705 in
423 3644 586 3709 locutione
609 3645 716 3708 inesse
732 3664 806 3707 oum
828 3647 915 3708 notio
939 3645 1069 3708 videndi
1090 3647 1124 3707 in
1148 3664 1212 3708 eoae
1236 3645 1321 3708 insit.
1365 3645 1433 3727 §ed

365 3754 594 3838 quodcumque
619 3753 778 3838 etymon¹)
803 3753 897 3817 habet
920 3775 993 3836 esee,
1016 3775 1132 3835 eeoorn,
1148 3773 1222 3816 oum
1238 3755 1431 3819 vocabulum

403 4039 406 4044 '
471 4041 497 4105 l)
514 4037 560 4092 De
578 4037 759 4109 etymologia
773 4038 855 4094 voois
868 4039 904 4093 ol.
921 4037 1152 4110 Lindaay-Nohl.
1166 4054 1194 4108 p.
1209 4037 1269 4092 708.
1288 4034 1431 4113 Koehler,

365 4131 451 4186 Aroh.
471 4129 490 4186 f.
509 4129 561 4192 lat„
579 4130 650 4186 Lex.
674 4129 737 4201 Vp.
756 4131 790 4184 16
810 4147 872 4200 sqq.
893 4130 961 4184 VIll
979 4149 1007 4202 p.
1021 4131 1069 4184 ‘lei
1098 4146 1160 4200 sqq.
1205 4127 1296 4195 Baoh‚
1325 4126 1429 4183 Stude-

364 4221 455 4275 muud
475 4220 601 4275 Studien
622 4221 652 4274 Il
672 4239 699 4292 p.
718 4223 770 4277 395
791 4238 834 4291 sq.
880 4221 1048 4278 Stowasser
1065 4219 1151 4275 Jhrb.
1171 4219 1198 4274 d.
1217 4220 1256 4286 K.
1275 4220 1312 4274 K.
1331 4219 1428 4274 Franz

364 4312 479 4384 Joseph
498 4312 583 4381 Gym.
602 4312 692 4367 Wian
711 4313 789 4369 1891.
