3214 5062
659 468 837 534 „ta--

221 669 223 677 '
253 699 256 704 ,
318 643 409 712 Inter
431 641 709 712 adverbiorum
733 645 953 710 abundantiae
977 645 1125 730 exempla
1140 646 1282 732 primum

212 755 317 818 locum
355 755 487 844 unicum
522 752 580 816 ubi
614 751 784 819 Terentius
818 753 948 823 duobus
981 755 1141 837 negativis
1178 755 1281 820 utitur

208 862 363 930 tractabo.
408 862 493 930 And.
520 863 586 932 205

372 1010 475 1076 neque
499 996 535 1055 tu
558 989 647 1056 baud
669 989 759 1054 dions
782 989 843 1056 riba·
863 1010 932 1056 non
949 989 1164 1078 praedictum.

212 1131 420 1220 Quamquam
457 1136 583 1200 codices
603 1133 673 1200 troo
705 1154 763 1220 pro
807 1135 898 1202 band
935 1134 1106 1220 praebent,⁴
1134 1134 1280 1200 Donatus

208 1241 251 1305 ad
276 1259 406 1307 versum
440 1262 549 1308 veram
572 1244 744 1309 lectionem
767 1245 918 1312 restituit.
963 1243 1110 1308 Plurima
1133 1243 1281 1330 exempla

211 1343 469 1437 negativi‘alteri
493 1352 624 1416 abunde
646 1354 763 1418 adiecti
785 1353 919 1436 praebet
942 1347 1118 1440 Plautus.¹)
1141 1349 1277 1419 Locutio

209 1479 313 1546 neque
337 1507 345 1526 .
370 1508 378 1527 .
405 1461 526 1527 ,band
548 1463 714 1526 invenitur
735 1461 811 1529 Bac.
837 1461 933 1539 1037,
956 1462 994 1532 fr.
1027 1462 1078 1544 19,
1104 1461 1278 1546 lapident,

208 1567 295 1636 Men.
319 1569 394 1652 371,
418 1569 490 1634 Por.
517 1571 591 1636 535.
642 1573 724 1636 Brix
747 1572 788 1636 ad
811 1570 898 1639 lien.
923 1571 986 1636 371
1016 1573 1165 1656 explicat,
1200 1591 1276 1639 cum

211 1680 245 1743 io
268 1699 370 1766 neque
405 1682 457 1744 vis
479 1679 619 1762 negandi
641 1683 800 1765 particula
835 1681 1041 1745 coniunctius
1074 1701 1135 1770 qne
1168 1682 1277 1748 addita

210 1788 387 1868 minuatur,
433 1807 614 1854 sermonem
652 1790 853 1856 cotidianum
891 1791 1023 1855 alteram
1069 1792 1274 1873 negationem

206 1896 334 1962 adicere
366 1898 591 1982 solere,.quae
624 1899 691 1962 vim
723 1901 812 1966 vocis
846 1921 947 1983 neque
981 1920 1047 1963 non
1081 1900 1274 1966 deleat-sed

208 1995 338 2089 augeat.
382 2005 482 2070 Hanc
505 2009 746 2072 annotationem
770 2007 877 2072 Brixii
901 2008 1186 2091 seoutosHabioh,
1209 2009 1275 2076 Ob·
1339 1991 1341 1998 ¹

207 2116 408 2186 servationes
432 2117 472 2202 de
494 2117 702 2200 negationum
737 2117 861 2201 aliquot
895 2138 959 2182 usu
983 2118 1134 2185 Plautino
1167 2140 1197 2204 p.
1225 2121 1276 2200 11,

207 2225 363 2308 negotiu
386 2226 549 2292 locutione
573 2247 676 2311 neque
701 2276 709 2293 .
733 2276 742 2297 .
767 2276 775 2292 .
800 2227 891 2292 baad
912 2227 1077 2292 abundare
1100 2227 1190 2292 baud
1221 2231 1274 2294 rel

207 2351 310 2418 neque
326 2383 333 2400 .
353 2383 362 2404 .
380 2334 493 2402 baad
502 2355 559 2420 pro
573 2338 710 2420 simplici
722 2357 824 2420 neque
836 2338 958 2400 dictum
974 2355 1056 2413 esse,
1068 2338 1124 2402 sed
1136 2337 1275 2406 affirmat
1300 2359 1303 2366 ·

207 2443 386 2527 particulae
420 2465 524 2530 neque
547 2447 614 2508 vim
649 2448 834 2530 negativam
869 2450 1040 2529 tantopere·
1069 2446 1269 2513 deminutam

204 2571 276 2617 esse
300 2561 336 2616 ut
359 2554 457 2618 altera
481 2556 608 2638 negatio
632 2557 828 2640 requiratur.
874 2553 1011 2620 Etiamsi
1034 2555 1139 2620 Brixii
1162 2558 1274 2641 expla-

205 2662 291 2725 natio
327 2664 483 2746 accipitur
517 2665 596 2728 haec
629 2665 794 2729 conclusio
818 2663 969 2729 Habicbii
1000 2683 1066 2728 non
1090 2668 1271 2730 necessario

203 2773 423 2855 consequitur.
480 2773 634 2838 Plurimis
668 2773 749 2838 locis
777 2775 875 2838 etiam
904 2773 995 2857 apud
1018 2773 1181 2856 Plautum,
1214 2777 1271 2860 qui

203 2877 400 2944 locutionem
423 2884 565 2947 maxime
588 2883 800 2964 amat,solum
825 2882 960 2947 verbum
982 2891 1084 2964 neque
1106 2885 1271 2947 invenitur

204 3009 310 3074 neque
332 2991 412 3056 locis
429 2992 568 3056 laudatis
591 2992 690 3056 verbo
713 2993 803 3057 baud
824 2992 950 3056 omisso
960 3009 1076 3056 seusus
1092 2991 1270 3074 quidquam

206 3098 411 3178 desideraret.
469 3099 602 3164 Rectius
642 3101 776 3185 exponit
820 3100 942 3164 Abbott
977 3101 999 3169 l.
1023 3119 1052 3168 c.
1075 3119 1106 3182 p.
1133 3100 1174 3163 73
1206 3101 1270 3166 duo

205 3207 305 3272 verba
328 3211 483 3293 coniungi
509 3216 544 3273 ut
572 3210 638 3273 rim
662 3209 991 3294 perspicuitatemquc
1014 3212 1192 3274 sententiae
1215 3211 1270 3274 ad·

202 3317 310 3402 daut*
339 3322 449 3403 Atque
468 3319 648 3383 notandum
673 3325 723 3384 est
745 3319 809 3382 duo
833 3317 1054 3402 verbumque
1076 3319 1166 3382 baud
1198 3339 1270 3406 pro·

203 3426 336 3490 nominc
360 3447 485 3512 semper
508 3424 694 3512 disiungi.²)
722 3425 896 3494 ¹Similiter
918 3432 1023 3509 potest
1046 3429 1184 3510 Anglice
1206 3429 1269 3492 dici

183 3535 232 3615 si
267 3553 443 3617 pronomen
481 3539 565 3602 inter
600 3539 664 3602 dua
699 3538 850 3620 negativa
883 3536 972 3599 vocis
1010 3553 1088 3602 sono
1121 3537 1270 3618 graviore

202 3645 407 3712 enuntiatur.
444 3649 621 3712 Possumus
634 3645 720 3713 And.
733 3643 797 3708 205
815 3648 1001 3708 convertere
1016 3663 1079 3706 nor
1089 3663 1167 3727 pou,
1180 3644 1270 3712 don'i

201 3771 264 3835 sup
298 3773 365 3838 you
398 3754 477 3820 buce
512 3761 567 3819 not
596 3754 671 3818 been
693 3753 835 3817 worrred.
894 3753 1026 3816 Locutio
1063 3773 1163 3836 paene
1197 3773 1268 3820 esse

201 3863 416 3928 anacoluthon
441 3865 580 3945 ridetur,
603 3867 640 3926 ut
663 3863 789 3945 negatio
825 3881 909 3948 quae
940 3863 975 3928 in
999 3883 1101 3946 neque
1123 3868 1172 3927 est
1194 3883 1267 3950 pro·

205 3972 344 4036 nominis
361 3975 550 4038 auctoritate
568 3972 765 4056 neglegatur,
787 3977 856 4034 tum
873 3971 971 4036 verbo
987 3971 1076 4036 baud
1093 3978 1267 4056 repetatur.

314 4180 339 4244 l)
358 4177 402 4233 Ol.
421 4177 544 4243 Abbott‚
564 4174 737 4248 Repetition
756 4173 789 4231 in
808 4174 898 4230 Latin
916 4192 945 4246 p.
966 4176 1009 4230 73.

310 4268 338 4338 2)
357 4267 401 4323 De
420 4269 490 4324 Bac.
510 4265 791 4340 unamquamqu
808 4266 844 4324 cl.
859 4265 991 4337 Ritschl,
1007 4281 1107 4338 opusc,
1126 4269 1157 4326 II
1176 4271 1237 4330 ³34.

1050 4379 1085 4436 2*
