3214 5062
639 489 816 550 ..49-

199 663 317 730 Eadem
342 662 437 728 verba
462 663 598 728 Plautus
621 663 789 745 coniungit
812 662 867 726 As.
893 662 958 724 254
980 660 1062 744 qaia
1091 667 1126 730 ta
1149 660 1204 730 ahs
1230 668 1260 729 te

196 773 375 841 socordiam
398 785 523 840 omnem
543 772 627 838 reice
650 778 680 839 et
701 771 867 857 sepuitiem
890 790 1007 837 amore.
1185 839 1187 844 ,

303 882 443 948 Nomina
470 885 715 946 concretarum
739 881 951 945 alliteratione
975 881 1146 944 coniuncta
1169 880 1260 944 inve-

197 994 305 1058 nimus
329 990 449 1058 Heaut.
474 991 538 1054 140

782 1099 832 1166 rril
852 1098 1001 1181 relinquo
1024 1097 1061 1164 irc
1084 1096 1215 1170 aedibus

328 1230 331 1274 :
353 1229 420 1278 aec¹
434 1229 492 1276 aas
514 1227 573 1275 rcec
590 1208 830 1276 uestimentum:
853 1207 983 1274 conrasi
1007 1206 1129 1274 amaia.
1166 1271 1170 1279 .

197 1317 396 1402 significatio
411 1318 501 1386 verbi
523 1319 574 1384 ait
590 1317 697 1407 verbis
719 1337 777 1383 aec
799 1337 856 1382 aas
878 1337 935 1382 aec
957 1315 1145 1380 uestimento
1168 1334 1260 1400 repe·

196 1428 277 1492 titur
300 1433 331 1492 et
350 1433 449 1492 totam
471 1428 664 1493 sententiam
687 1429 803 1512 repetit
825 1425 956 1492 conrasi
976 1425 1100 1492 omnia.

195 1533 312 1603 Heant'.
339 1536 402 1602 968
469 1599 484 1607 ,Α

355 1646 404 1709 ihi
420 1651 494 1716 lirae
502 1645 657 1712 stultitiae
674 1666 795 1729 seraper
811 1645 873 1712 erit
881 1643 1095 1728 praesidium,
1108 1642 1258 1727 Clitipho,

354 1754 467 1835 uictus,
494 1755 636 1822 uestitus.
1296 1751 1300 1759 ’

195 1861 289 1926 Hanc
312 1863 521 1946 locutionem·
544 1885 606 1947 qna
629 1863 740 1929 Cicero
775 1865 877 1929 utitur
904 1882 961 1947 pro
978 1859 1107 1937 Quinct.
1133 1859 1183 1943 15,
1205 1862 1259 1944 49,

195 1969 365 2054 Heiimuth
382 1974 402 2036 l.
419 1993 447 2039 e.
463 1994 495 2058 p,
510 1974 574 2037 164
596 1971 760 2040 existimat
781 1971 942 2058 proverbii
964 1973 1071 2051 locum
1106 1969 1260 2036 obtinere.

195 2079 349 2146 Similiter
358 2081 488 2165 Preuss,
497 2085 518 2150 l.
532 2103 560 2154 c.
570 2103 601 2166 p.
614 2084 666 2163 78,
680 2083 737 2166 qui
748 2081 906 2146 formulae
918 2082 983 2146 alia
993 2079 1144 2165 exempla
1158 2080 1259 2146 ctiori.

301 2189 392 2256 Haec
415 2193 564 2276 exempla
586 2193 699 2258 inveni
721 2191 779 2256 ubi
801 2192 934 2256 nomina
956 2209 1029 2256 eum
1045 2190 1158 2255 eadem
1173 2209 1262 2278 prae·

195 2301 354 2384 positione
377 2303 555 2387 composita
578 2303 835 2385 coniunguntur.
857 2300 943 2371 And.
969 2299 1098 2363 eea-1
1128 2319 1260 2366 aerisue-

194 2410 308 2477 tudine
331 2416 361 2478 et
381 2409 673 2498 omiapiaHeaut.
692 2409 755 2473 952
768 2409 945 2476 deridiculo
968 2414 998 2474 et
1020 2408 1248 2476 delectamento

194 2519 316 2586 Heaut.
340 2522 402 2584 811
427 2542 500 2586 cam
523 2520 584 2586 ieta
605 2520 738 2587 incerto
761 2539 895 2606 eamque
916 2519 1050 2602 incepto,
1086 2517 1166 2599 Hec.
1193 2519 1256 2584 165

194 2629 396 2697 incommoda
418 2636 513 2714 atque
534 2629 690 2698 iniurias.
1172 2699 1178 2710 ,

290 2745 410 2830 ΙΡειιιοιι
433 2746 581 2830 exempla
600 2748 730 2811 exstant
745 2742 1020 2809 substantivorum
1037 2762 1112 2806 cum
1131 2743 1260 2807 homoe-

196 2855 336 2920 oteleuto
361 2856 617 2919 coniunctorum.
664 2851 753 2916 And.
778 2853 841 2916 831

356 2964 426 3032 eius
449 2961 554 3030 lohere
577 2968 673 3046 atque
696 2962 765 3028 eius
787 2961 904 3028 dolore.

195 3073 355 3140 Laborem
383 3090 480 3157 saepe
513 3072 598 3137 idem
627 3091 664 3134 ac
692 3070 833 3143 dolorem
863 3071 970 3135 valere
1004 3074 1095 3134 notat
1121 3069 1258 3152 Spengel

197 3183 237 3246 ad
259 3180 346 3250 And.
372 3182 447 3248 720.
493 3181 699 3246 simillimum
725 3184 773 3244 est
796 3180 843 3244 Pl.
867 3178 985 3245 Pseud.
1010 3178 1073 3241 686
1097 3179 1135 3244 irc
1154 3177 1260 3246 labore

197 3297 289 3376 atque
311 3293 349 3358 iri
372 3292 488 3359 clolore.
534 3290 643 3355 Plauti
665 3294 697 3354 et
711 3289 851 3356 Terentii
872 3286 937 3354 leci
960 3306 998 3352 eo
1023 3306 1153 3371 quoque
1176 3290 1262 3351 inter

197 3421 231 3465 se
254 3403 450 3485 respondent
473 3401 560 3485 quod
590 3406 728 3484 uterque
751 3399 903 3464 trochaici
932 3397 1105 3481 septenarii
1136 3401 1260 3480 partem

196 3511 334 3594 priorem
358 3509 468 3575 efficit.

197 3617 292 3684 Phor.
315 3619 382 3683 470

356 3749 425 3812 spes
448 3748 581 3814 opesque
603 3732 681 3794 suat
702 3727 740 3792 irc
764 3730 792 3792 tc
814 3742 882 3789 aaa
906 3743 1013 3789 arares
1036 3705 1125 3789 sitae.

197 3836 290 3906 Adel.
316 3838 378 3900 331

354 3947 392 4015 irc
416 3969 479 4032 quo
498 3954 629 4015 austrae
651 3967 719 4030 spes
743 3963 876 4028 opesque
901 3959 1008 4008 amnes
1031 3939 1111 4016 sitae

356 4056 466 4124 eraut!

303 4162 342 4226 In
365 4167 470 4247 priore
493 4167 640 4251 exemplo
679 4163 857 4230 sententiae
880 4159 947 4222 vim
969 4157 1160 4222 rhetoricam
1194 4172 1260 4217 non

198 4273 301 4338 solum
315 4275 591 4341 homoeoteleuton
615 4275 778 4340 sedetiam
795 4269 892 4336 verba
903 4288 971 4335 uae
994 4273 1025 4332 et
1040 4285 1147 4333 omues
1169 4264 1243 4332 iuxt.

1049 4399 1066 4450 4
