3214 5062
701 757 706 772 ²
771 761 960 903 iiiia.

468 1063 566 1167 Nata
582 1120 654 1164 sum
670 1099 739 1164 Eva
751 1099 912 1165 Johnston
931 1103 1015 1186 prid.
1033 1102 1081 1170 Io.
1097 1102 1171 1168 Mai.
1185 1105 1424 1172 MDOOCLXV

358 1210 390 1270 in
415 1210 486 1271 vico
505 1208 716 1272 Americanae
733 1207 873 1272 civitatis
891 1206 1139 1292 Missouriensis‚
1162 1213 1214 1276 cui
1237 1233 1354 1278 nomen
1371 1223 1420 1280 est

360 1314 516 1397 aestland,
539 1321 629 1398 patre
651 1313 785 1395 Joaune,
820 1322 921 1380 matre
944 1317 1108 1384 Elisabeta
1131 1339 1149 1384 e
1171 1326 1266 1403 gente
1288 1323 1422 1404 Martin..

295 1501 297 1508 Ι
359 1425 469 1489 Fidem
506 1423 656 1508 profiteor
695 1426 924 1508 evangelicam.
989 1427 1126 1492 Artibus
1165 1429 1354 1496 liberalibus
1382 1434 1419 1495 in

359 1535 516 1618 Stephane
541 1533 669 1615 Collega
692 1532 880 1598 Columbiae
909 1536 1065 1624 instructa
1090 1557 1200 1603 mense
1231 1538 1315 1602 Maio
1339 1544 1416 1604 anni

359 1641 664 1708 MDCGGLXXXII
696 1642 811 1726 adepta
849 1663 923 1708 sum
958 1647 1154 1710 maturitatis
1186 1650 1418 1712 testimonium.
1461 1667 1465 1682 ·
1529 1683 1533 1688 ·

360 1757 455 1817 Anno
489 1749 709 1816 MDOOGXGI
744 1752 987 1816 universitatem
1012 1752 1274 1822 Missouriensem
1310 1744 1427 1841 potiris

360 1863 416 1926 ubi
443 1869 514 1946 post
537 1868 607 1926 octo
631 1859 796 1926 semestria
819 1861 860 1922 ad
882 1862 1017 1942 gradum
1042 1865 1169 1928 Artium
1195 1864 1339 1950 Magistri
1362 1869 1416 1930 ad·

359 1974 456 2035 missa
474 1992 555 2036 sum.
596 1971 646 2034 Ad
662 1989 783 2032 annum
797 1967 1051 2033 MDCCOXCIX
1067 1969 1178 2034 functa
1194 1993 1266 2038 sum
1284 1995 1422 2040 munere·

359 2082 530 2164 magistrae
552 2081 586 2143 in
604 2079 772 2143 Columbia
788 2077 875 2160 High
891 2075 1019 2143 School.
1053 2079 1133 2144 Tum
1156 2084 1234 2149 mibi
1246 2085 1417 2166 professori

360 2189 634 2252 extraordinariae
667 2187 887 2251 universitatis
920 2185 1162 2254 Missouriensis
1196 2197 1321 2256 creatae
1353 2193 1423 2255 duo-

360 2299 436 2362 anni
459 2302 536 2362 sunt
559 2297 704 2362 concessi
728 2300 764 2358 ut
788 2295 934 2360 studium
958 2298 992 2359 in
1014 2297 1187 2362 Germania
1199 2318 1417 2384 persequerer.

360 2407 420 2472 Hie
442 2409 538 2472 annis
554 2409 589 2470 in
603 2393 868 2469 universitatibus
884 2404 1086 2471 Berolinensi
1102 2412 1133 2472 et
1148 2406 1416 2492 Heidelbergensi

360 2519 438 2581 actis
462 2536 598 2581 munera
621 2517 654 2579 in
676 2514 883 2577 universitate
900 2512 1124 2580 Missouriensi
1152 2522 1290 2599 perires
1315 2537 1417 2585 annos

359 2625 468 2688 iuncta
502 2626 641 2707 denique
665 2641 749 2685 anno
770 2619 916 2684 MOMIV
941 2624 1184 2689 universitatem
1210 2625 1418 2708 Regimonta-

360 2753 434 2798 nam
458 2734 533 2813 adii,
559 2733 611 2796 ubi
631 2733 756 2797 scholas
776 2731 978 2815 frequentavi
999 2732 1142 2794 virorum
1160 2733 1419 2798 doctissimorum

359 2843 492 2923 Heinae,
510 2840 678 2920 Lndwicb,
695 2838 867 2921 Rossbach,
891 2839 1037 2905 Sabeone.
1075 2839 1202 2916 Quibus
1221 2845 1300 2906 viris
1317 2845 1418 2906 omni-

360 2953 421 3018 bus
456 2953 576 3034 gratias
613 2969 672 3032 ago
707 2950 879 3030 maximas,
915 2947 1074 3033 imprimis
1100 2968 1173 3014 vero
1198 2950 1331 3034 Heinae,
1363 2952 1422 3033 qni·

359 3059 584 3124 liberalissime
607 3077 668 3140 me,
698 3078 771 3123 oum
795 3059 908 3123 studiis
932 3077 1059 3143 operam
1089 3058 1206 3140 darem,
1229 3064 1260 3122 et
1284 3060 1418 3123 consilio

360 3173 392 3231 et
415 3185 510 3251 opera
533 3168 667 3233 adiuvit.
743 3189 745 3199 ¹

466 3277 612 3342 Examen
668 3278 752 3360 quod
808 3285 924 3342 vocant
977 3279 1156 3360 rigorosum
1206 3283 1280 3340 ante
1335 3275 1424 3338 diem.

362 3387 424 3452 VII
447 3386 497 3451 id.
520 3387 601 3456 Jun.
624 3389 655 3450 h.
679 3409 706 3452 a.
731 3386 864 3452 absolvi.
