3214 5062
782 461 961 562 422-

445 673 647 740 Advarbium
671 673 745 740 ilion
769 675 855 758 quod
879 675 965 758 apud
988 673 1173 740 Terentium
1198 678 1326 753 teinpus
1355 671 1409 738 de·

225 791 229 800 ·
342 786 471 868 signare
494 781 602 868 solet¹)
625 785 661 847 in
684 781 778 846 Adel.
804 782 866 846 156
891 801 965 849 oum
988 782 1042 849 hia
1064 785 1275 848 coniunctum
1296 782 1408 848 locum

343 891 526 980 significare
550 892 642 955 docet
663 889 811 954 Donatus
833 892 874 955 ad
896 909 1043 956 versum:

393 1007 395 1012 '
503 1000 618 1068 otioso:
640 997 801 1066 nunciam
823 999 897 1066 ilico
919 999 971 1066 hio
994 1001 1140 1070 consiste.
1200 1055 1204 1064 .

343 1110 438 1178 Adel.
461 1110 527 1174 269

465 1259 469 1266 ·
503 1239 613 1287 nerea·
633 1211 769 1300 aoram²)
792 1219 829 1286 in
854 1239 888 1284 os
907 1224 937 1286 te
959 1218 1095 1286 lanam
1117 1217 1266 1302 amplias.

343 1328 428 1394 Eun.
454 1327 518 1393 794

505 1457 587 1522 qaae
596 1432 641 1502 mi
649 1439 726 1502 onte
737 1435 843 1502 aonios
853 1457 962 1505 eoram
971 1443 1146 1504 amatorem
1161 1434 1299 1504 adduxti
1310 1441 1409 1504 taam.

344 1547 535 1631 Comparare
562 1563 734 1629 possumus
769 1544 816 1608 Pl.
845 1546 962 1612 Pseud.
989 1545 1096 1626 Ι1162,
1118 1544 1175 1609 nbi
1209 1547 1298 1610 notio
1321 1548 1409 1612 vocis

344 1676 453 1726 aarum
490 1656 563 1720 aliis
603 1653 708 1718 verbis
745 1658 915 1738 repetitur:
954 1656 1034 1741 qaia
1071 1660 1137 1722 tate
1174 1654 1265 1737 ipsus
1301 1675 1411 1722 eoram

339 1785 497 1852 praesens
514 1768 717 1850 praesentem
739 1762 837 1829 vides.

450 1872 619 1939 Terentius
653 1873 796 1938 formula
830 1871 919 1938 domi
948 1873 1041 1958 apud
1073 1892 1124 1938 ma
1156 1877 1205 1936 ten
1238 1874 1340 1958 utitur
1376 1877 1411 1935 ut

340 1985 410 2049 -looi
432 1982 702 2065 significationem
725 1980 926 2076 luculentius
949 1981 1117 2064 exprimat
1168 1979 1254 2044 Eun.
1271 1981 1342 2044 ’747
1387 1987 1395 2048 ἶ

457 2104 460 2109 ’
506 2091 565 2158 nbi
587 2091 677 2156 east?
695 2089 793 2160 ,domi
814 2090 906 2176 apud
926 2109 985 2154 me.

347 2201 464 2266 Haaut.
487 2203 552 2266 430

506 2307 565 2373 nbi
585 2312 695 2372 onomat
716 2307 858 2390 quaeso?
881 2306 973 2391 apud
989 2326 1041 2372 me
1063 2305 1160 2374 domi.
1285 2371 1290 2378 .

347 2415 465 2484 Heeut.
490 2419 619 2488 lta-2

389 2561 391 2564 .
872 2503 941 2568 iam
964 2504 1089 2570 dadam
1111 2504 1222 2597 domi⁴
1302 2591 1304 2596 Ι
1342 2536 1344 2540 ·

506 2619 638 2698 praesto
660 2613 751 2698 apud
771 2633 822 2676 me
844 2633 909 2676 esse
931 2612 1039 2682 aiant.

350 2721 510 2787 Omnibus
540 2724 600 2788 'his
646 2724 680 2786 in
719 2722 876 2804 exemplis
913 2722 1005 2788 locus
1047 2741 1112 2805 quo
1153 2725 1227 2807 quis
1266 2728 1412 2788 versetur

314 2855 316 2858 ·
348 2835 496 2896 accurate
524 2811 713 2922 designatus
741 2848 847 2920 neque
875 2829 1020 2894 abundat
1052 2831 1140 2914 apud
1167 2851 1228 2910 me,
1257 2833 1410 2916 quoniam

348 2938 436 3004 dorna
458 2942 645 3026 simpliciter
668 2941 790 3005 dietum
823 2939 912 3006 anmi·
943 2961 1021 3008 sana
1043 2941 1191 3033 intellegi
1213 2941 1328 3026 possit:
1356 2959 1411 3004 ve·

348 3048 397 3114 lut
429 3051 464 3113 in
498 3049 615 3118 Heaut
649 3050 711 3114 170
747 3050 805 3113 ubi
828 3048 980 3115 Chremes
1006 3043 1082 3117 ‘ibo'
1113 3050 1221 3134 inquit
1240 3041 1412 3118 ‘visumst

347 3156 474 3224 domist’
507 3179 550 3224 ex
581 3165 741 3253 contextu
771 3160 839 3224 solo
882 3159 1060 3224 diiudicare
1093 3179 1266 3243 possumus
1300 3164 1409 3228 utrum

349 3287 442 3332 suam
466 3289 507 3332 an
533 3269 673 3364 Phaniae
697 3270 829 3333 domum
853 3276 915 3334 eat.
965 3255 1083 3332 Contra
1112 3266 1232 3332 Heaut.
1258 3268 1331 3351 162,
1355 3267 1411 3332 ubi

349 3375 437 3460 apua
470 3397 519 3444 nae
553 3379 599 3446 sie
629 3379 700 3446 nolo
718 3379 851 3442 'dieitur
880 3396 958 3442 voco
990 3377 1076 3447 aona·
1098 3396 1162 3448 non
1197 3379 1313 3460 addita,
1345 3397 1411 3442 non

340 3471 458 3566 ¹agitur
498 3487 538 3550 de
569 3485 783 3571 ipsolloco³,)
818 3488 874 3552 sed
911 3488 1001 3572 apud
1038 3507 1089 3551 aaa
1120 3486 1168 3550 sie
1208 3484 1294 3549 idem
1327 3485 1411 3548 valet

349 3595 436 3678 qnod
468 3616 594 3661 mnam
616 3617 715 3661 aean.
760 3597 800 3662 In
822 3597 904 3663 Hac.
928 3598 991 3660 257
1020 3616 1108 3660 mna
1133 3591 1223 3660 daran
1256 3594 1411 3677 possessi·

455 3843 481 3911 1)
501 3841 543 3899 Gt
563 3836 825 3904 Dz'iatzkoitaaer
843 3841 880 3897 ad
899 3841 983 3898 Adel.
1005 3843 1063 3900 166.

455 3935 482 4004 2)
501 3932 538 3989 de
557 3933 739 4006 etymologia
756 3933 961 4003 arabicorum,
990 3933 1069 4006 quod
1091 3925 1344 4001 eiusdem'stirpis
1365 3934 1413 3986 ast

349 4025 432 4082 cuius
442 4043 481 4095 oa,
490 4026 524 4087 of.
535 4025 758 4100 Lindsay-n0h1
767 4043 795 4099 p.
802 4028 863 4098 669,
872 4021 1250 4083 ZimmermannArah.XII
1258 4025 1345 4095 paea
1354 4040 1413 4096 sq.;

349 4117 519 4174 Terentium
538 4134 608 4174 vero
627 4118 685 4175 hoe
702 4117 859 4189 ignorasse
878 4117 1039 4176 verisimile
1059 4123 1113 4175 est.

455 4212 482 4280 3)
501 4209 546 4267 cf.
565 4209 678 4276 Ftieba
706 4209 743 4266 de
761 4209 945 4266 derivatione
964 4252 972 4266 .
992 4252 998 4266 .
1018 4257 1027 4271 .
1052 4206 1307 4282 praepositionum
1332 4205 1410 4278 apud

349 4299 487 4357 Plautum
508 4290 738 4367 et'Te'rentium,
757 4301 835 4355 1817.
882 4375 886 4382 .
