3214 5062
630 494 806 552 ..51-

181 667 307 732 crimen
319 665 426 731 faeere
442 666 525 747 vult,
534 661 728 748 Mommsen,
745 663 1198 733 RbmisohesStaatsreobtllI
1211 667 1252 731 76

185 773 327 838 ostendit
363 773 451 839 idem
493 773 607 840 valore.
669 773 780 838 Cicero
819 775 917 840 verba
954 777 1123 859 coniungit
1161 774 1253 842 Rosa.

185 879 264 951 Arn.
288 880 401 965 33,93
425 883 463 949 ia
487 883 583 950 caius
605 882 667 967 fide
690 883 758 951 siat
780 888 810 950 ct
831 885 986 953 clientela.
1012 885 1138 968 ealon
1162 907 1200 953 ac
1219 907 1254 953 se

184 992 223 1060 in
248 991 449 1077 Olarysoqoai
471 991 566 1075 ficiem
588 997 619 1059 et
639 992 819 1060 clientelam
841 994 1059 1076 contuleruut.
1091 1064 1094 1071 ,

294 1101 494 1186 significatio
528 1101 609 1183 legis
645 1108 678 1166 et
711 1102 793 1167 iuris
825 1100 911 1167 binis
945 1104 1052 1169 verbis
1086 1105 1251 1178 interdum

184 1212 425 1295 exprimuntur.
469 1207 559 1274 And.
582 1208 647 1274 200
778 1238 780 1242 ·

345 1341 383 1386 ea
405 1320 470 1405 leae
493 1324 591 1404 atque
613 1321 739 1388 omine..

185 1425 226 1492 ln
249 1426 422 1492 Foroollini
444 1429 550 1494 lexico
574 1430 614 1494 ad
637 1447 712 1495 eum
736 1429 845 1494 locum
869 1426 971 1494 ‘amen
986 1429 1140 1494 bannale
1161 1436 1253 1494 extra

185 1555 253 1602 rem
273 1538 462 1620 auguralem
478 1538 611 1623 ponitur
625 1558 683 1623 pro
699 1537 783 1602 facto
799 1542 831 1602 et
846 1535 1030 1602 conditione
1045 1536 1138 1602 firma
1153 1545 1252 1622 atque

186 1643 274 1714 rata’.
320 1645 476 1729 Donatus,
494 1645 571 1732 ‘leae
592 1648 635 1712 ad
651 1648 807 1729 homines,
829 1647 934 1714 omine
957 1644 997 1711 ad
1020 1665 1089 1712 rem
1106 1646 1250 1712 divinam

185 1755 331 1840 retertur,
363 1757 397 1820 id
427 1761 486 1839 est,
524 1755 765 1820 firmamentum
800 1774 857 1839 por
890 1755 1033 1819 humana
1066 1763 1098 1820 et
1121 1755 1249 1821 divina’.

184 1863 309 1930 Neutro
332 1865 431 1932 verbo
454 1864 542 1930 Simo
565 1865 695 1948 proprie
717 1865 820 1928 utitur
841 1864 900 1928 sed
933 1864 1052 1929 locutio
1075 1865 1140 1930 iere
1163 1867 1250 1931 idem

186 1975 271 2040 valet
292 1981 390 2061 atque
417 1997 473 2062 aaa
501 1995 562 2059 per
592 1974 737 2040 baaiaes
770 1974 905 2056 deosque
938 1972 1024 2040 iuro.
1076 1975 1161 2042 And.
1185 1975 1250 2039 880

339 2090 474 2168 praeter
496 2085 618 2151 cloiam
639 2103 759 2150 morem
781 2089 879 2166 atqua
902 2083 1000 2169 leaem

183 2207 275 2274 Inter
312 2210 366 2278 ias
406 2212 487 2298 layas
533 2231 636 2278 mores
672 2211 734 2274 hoe
773 2211 946 2276 discrimen
985 2209 1061 2274 iacit
1090 2208 1248 2292 Isidorus,

186 2315 275 2402 Orig.
300 2318 330 2382 V
355 2322 385 2403 3,
411 2321 496 2386 1-2
520 2322 574 2388 ias
594 2321 746 2406 aeaerale
768 2339 885 2386 acmen
908 2324 962 2401 est,
995 2319 1046 2385 lea
1069 2323 1176 2385 autem
1198 2319 1249 2386 la-

183 2426 234 2494 ris
255 2433 300 2496 eet
323 2431 449 2514 specics.
497 2431 548 2498 lccc
580 2434 626 2496 est
649 2428 834 2495 constitutio
869 2427 998 2512 scripta,
1032 2449 1100 2495 mas
1131 2435 1177 2496 est
1198 2451 1249 2496 aa·

183 2541 301 2604 laetate
335 2539 468 2622 prolata
506 2538 711 2606 cousuetudo.
773 2537 819 2602 Oi.
855 2537 907 2603 Pi.
933 2537 1021 2602 Trin.
1047 2537 1133 2602 1043
1149 2567 1151 2572 v
1168 2539 1249 2626 leues

184 2646 269 2713 mori
300 2649 456 2716 serviant.
500 2647 568 2714 ‘Sed
607 2649 672 2713 duo
710 2648 807 2713 rerba
840 2645 908 2711 iere
946 2665 1045 2710 unam
1083 2650 1247 2714 notionem

184 2754 304 2820 habent
341 2759 375 2822 in
414 2756 501 2826 And.
526 2759 602 2825 880.
648 2757 697 2823 cf.
720 2757 786 2823 Cio.
808 2756 957 2820 Timaeus
991 2756 1033 2819 38
1056 2759 1155 2825 ceteri
1187 2759 1249 2843 leqi

182 2866 330 2949 morique
347 2866 534 2950 parendum
558 2873 612 2934 est.
661 2867 709 2933 Pl.
729 2867 818 2934 Trin.
844 2864 928 2930 1036
952 2885 1054 2933 mores
1076 2866 1158 2952 leqes
1173 2885 1248 2950 per·

183 2973 352 3044 duxerant
393 2976 461 3042 iam
491 2976 530 3042 la
558 2979 745 3060 potestatem
778 2995 882 3053 mam,
917 2974 1011 3040 Most.
1043 2975 1104 3038 126
1137 2975 1249 3043 docent

182 3085 317 3165 litteras,
349 3087 436 3163 iura,
460 3086 551 3172 leues.
595 3084 634 3148 In
658 3084 750 3150 Phor.
776 3084 842 3146 214
865 3083 1018 3148 scribitur
1039 3084 1105 3170 leae
1126 3085 1248 3152 iudicio

182 3198 312 3259 etcum
335 3193 459 3261 iudicio
481 3196 540 3279 qui
563 3195 606 3259 sit
628 3193 706 3280 leals
729 3213 806 3258 usus
829 3194 1046 3258 constituatur
1061 3195 1125 3261 duo
1150 3196 1247 3262 verba

182 3307 324 3370 notionis
348 3307 413 3369 vim
437 3309 566 3387 augent.
597 3303 691 3369 ·Hec.
715 3303 778 3368 387

341 3414 641 3498 amamm

182 3528 388 3616 Quamquam
406 3535 534 3617 proprie
555 3532 608 3599 ias
627 3532 668 3596 ad
685 3533 788 3616 legem
805 3535 991 3613 humanam,
1012 3530 1122 3613 fasad
1139 3531 1245 3612 legem

181 3639 325 3705 divinam
348 3642 497 3724 retertur,
519 3645 554 3704 in
576 3641 745 3725 propatulo
769 3650 819 3705 est
841 3644 948 3704 animo
965 3639 1127 3724 Myrrinae
1150 3637 1245 3702 Pam-

179 3749 304 3832 philum
328 3750 526 3815 obsecrantis
560 3752 621 3814 hoo
645 3751 818 3814 discrimen
846 3768 910 3814 non
934 3748 1141 3814 obversatum
1164 3765 1244 3824 esse,

179 3857 237 3922 sed
260 3862 396 3922 matrem
425 3879 520 3942 quam
546 3861 738 3944 gravissima
770 3860 991 3924 obtestationis
1025 3858 1162 3923 formula
1196 3859 1245 3922 uti

179 3966 221 4030 ad
245 3968 495 4033 misericordiam
520 3969 679 4052 Pamphili
703 3969 924 4048 excitandam
952 3968 1065 4033 eadem
1083 3967 1124 4032 da
1146 3985 1243 4030 causa

179 4077 214 4138 in
241 4094 339 4140 versu
363 4079 513 4161 sequenti
536 4077 739 4142 abundanter
762 4079 839 4143 dioit
860 4079 1000 4145 advorsa
1015 4076 1085 4144 aias
1100 4080 1180 4142 tecta
1195 4080 1243 4141 ta·

177 4185 305 4268 citaque
327 4185 403 4263 slat,
431 4187 467 4249 in
491 4186 612 4269 quibus
635 4189 823 4273 synonymis
848 4185 1083 4269 distinguendis
1115 4185 1243 4268 antiqui

179 4295 369 4378 interpretes
401 4291 526 4357 frustra
561 4294 800 4362 laboraverunt.
849 4297 1029 4362 Verborum
1059 4293 1113 4360 iae
1136 4297 1167 4357 et
1188 4293 1243 4376 fas
