3214 5062
807 515 985 574 ..52-

364 688 587 773 copulatorum
611 689 689 754 haec
712 691 861 773 exemplu
885 689 1061 755 sufficient:
1094 687 1142 754 Pl.
1157 687 1233 755 cist.
1248 691 1289 753 20
1313 691 1431 774 iusque
1459 668 1476 674 Η

363 798 519 883 fasqnest.
576 798 640 863 Oic.
664 798 705 862 ud
728 783 795 864 Ait.
818 799 835 862 I
860 799 948 882 16,6
977 799 1032 866 ins
1054 819 1093 865 ac
1115 798 1170 883 fas
1203 819 1294 866 omne
1317 799 1428 866 delere.

367 907 461 990 Vorg.
476 905 548 972 ai
572 906 636 970 269
659 905 713 990 fas
736 911 765 972 et
787 907 864 974 iara
887 903 1013 974 sinant.
1037 907 1107 972 Iris.
1125 907 1188 972 VII
1206 908 1247 971 31
1271 908 1353 975 sicat
1375 910 1430 975 ias

363 1015 518 1100 fasqnest.
549 1055 552 1062 ·

366 1124 459 1190 Adel·
484 1123 617 1297 30daem
648 1233 752 1296 neque
785 1212 863 1294 fides
894 1231 998 1295 neone
1024 1213 1078 1279 ias
1111 1213 1292 1282 iurandum
1326 1233 1431 1296 neque

789 1321 882 1388 ittam
908 1321 1133 1388 misericordia

523 1431 675 1513 repressit
696 1451 800 1513 neque
822 1432 949 1513 redemit

363 1538 436 1606 Hoe
458 1538 529 1604 loco
554 1539 723 1604 discrimen
758 1558 823 1603 non
856 1547 904 1605 eet
930 1543 1015 1604 inter
1042 1539 1120 1622 fides
1142 1544 1174 1604 et
1195 1537 1430 1606 iusiurandum

366 1667 448 1732 queo
482 1649 584 1713 verba
608 1646 695 1714 Geta.
711 1649 879 1731 coniungit
904 1650 1017 1714 eodem
1041 1649 1137 1713 modo
1164 1667 1202 1712 uc
1224 1647 1375 1730 repressit
1397 1655 1428 1711 et

364 1757 491 1842 redemit
512 1762 549 1821 ut
572 1757 624 1822 vie
647 1759 824 1822 sententiae
848 1758 994 1824 addetur.
1134 1825 1135 1828 ,

473 1866 694 1950 Copuletionis
728 1866 915 1931 bimembris
944 1867 1113 1932 nominum
1149 1885 1233 1950 queo
1258 1868 1355 1932 vitem
1378 1867 1430 1931 vei

367 1979 512 2044 animum
537 1973 721 2058 significent
743 1975 822 2039 haec
845 1981 923 2040 sunt
945 1976 1103 2059 exempla.
1150 1974 1229 2040 Heu.
1255 1977 1319 2038 334

435 2095 444 2109 ·
525 2083 653 2166 aliquid
675 2084 785 2152 tatisse
809 2085 1090 2152 comminiscentur
1113 2083 1192 2152 nmti

528 2192 625 2276 capiti
650 2198 746 2277 atque
769 2194 1029 2263 aetati-illoram.

363 2303 473 2387 ‚Canai
494 2304 528 2367 in
551 2304 752 2388 imprecandi
778 2301 948 2384 formulis)
985 2304 1072 2368 idem
1096 2321 1165 2369 esse
1198 2322 1234 2367 ec
1258 2304 1358 2370 citam
1379 2305 1431 2366 in·

228 2419 230 2424 ’
366 2412 531 2495 redigetur
559 2414 587 2476 ei
611 2411 711 2494 Phor.
735 2412 799 2480 491
824 2413 1017 2492 conferetur,
1040 2432 1148 2497 neque
1170 2413 1316 2477 hocloco
1341 2413 1427 2476 eliud

367 2522 460 2588 velet.
507 2520 644 2604 Plautus
688 2522 751 2589 duo
789 2523 920 2603 ¹nomine
957 2524 1126 2605 coniungit
1154 2521 1241 2589 Rue.
1278 2522 1341 2584 375
1372 2541 1435 2587 cac

366 2630 464 2714 capiti
503 2634 599 2711 atque
638 2631 736 2699 aetati
773 2636 859 2697 tnae.
908 2629 996 2700 Rud.
1027 2631 1111 2693 1346
1150 2631 1259 2712 Venae
1292 2631 1435 2700 eradicet

366 2745 463 2826 canat
485 2745 580 2826 atque
602 2733 736 2807 aetatem
758 2745 858 2807 taam.
896 2741 999 2825 Adel.
1024 2739 1088 2804 869

527 2850 666 2917 contrivi
689 2849 1033 2934 inquaerendooitam
1056 2854 1294 2936 atqueaetctem
1316 2869 1432 2915 meam,

367 2977 413 3042 Cf.
448 2977 497 3043 Pl.
533 2978 606 3043 Am.
642 2976 706 3039 633
729 2977 786 3045 ¹in
830 2977 899 3043 cita
939 2982 1034 3060 atone
1078 2978 1116 3044 in
1154 2982 1255 3044 aetate
1293 2977 1430 3062 ayenda.

367 3086 433 3152 Cic.
461 3085 549 3156 Flee.
578 3085 641 3148 100
665 3085 926 3152 criminationem
955 3085 1058 3152 omnis
1089 3091 1177 3154 aetas
1199 3087 1240 3152 L.
1265 3085 1378 3152 Flacci
1401 3091 1435 3150 et

365 3200 520 3280 perpetua
556 3194 624 3262 cita
655 3195 807 3278 defendit.
854 3192 1024 3280 Nusquam
1049 3195 1158 3258 iubis
1185 3197 1343 3278 exemplis
1366 3196 1432 3258 die·

368 3306 490 3368 crimen
524 3303 653 3366 videtur
686 3306 772 3368 inter
803 3304 904 3370 uitam
933 3309 964 3367 et
991 3308 1124 3370 aetatem
1159 3322 1237 3385 esse,
1273 3305 1330 3369 sed
1364 3304 1434 3367 duo

367 3412 588 3478 nominarim
612 3413 802 3478 rhetoricam
826 3413 1004 3477 sententiae
1027 3413 1159 3482 addunt.
1206 3413 1290 3476 And.
1307 3414 1370 3475 272

527 3541 610 3606 qaae
632 3523 713 3590 mihi
743 3543 839 3590 enam
871 3521 1019 3588 animam
1053 3527 1149 3605 atone
1184 3542 1308 3616 omnem
1330 3522 1436 3589 vitam.

792 3630 937 3702 credidit.

369 3739 558 3820 Glycerium
594 3739 799 3826 Pamphilum
834 3741 963 3823 penitus
995 3759 1102 3804 emere
1138 3740 1203 3804 duo
1237 3738 1335 3803 verbe
1358 3738 1436 3806 ani-

367 3870 457 3918 mnm
478 3849 580 3916 citam
607 3851 782 3914 ostendunt
810 3852 864 3913 oui
880 3868 922 3928 ¹ee
950 3849 1082 3913 omuino
1106 3848 1288 3914 crediderit.
1333 3849 1436 3918 Mens

368 3965 400 4022 et
438 3959 569 4026 animus
608 3978 705 4042 eeape
744 3961 829 4043 apud
864 3960 945 4023 elios
979 3957 1161 4042 scriptores,
1201 3957 1300 4022 semel
1343 3957 1434 4039 apud

368 4065 553 4130 Terentium
577 4069 780 4150 copulentur,
805 4066 893 4134 And.
920 4067 983 4129 164

527 4176 616 4241 mala
638 4197 738 4256 mens,
762 4177 870 4241 malas
893 4176 1039 4240 animas.

475 4317 502 4383 1)
521 4313 564 4370 Of.
584 4314 655 4370 ono
674 4315 693 4375 l.
712 4331 736 4372 c.
755 4333 783 4386 p.
805 4315 845 4372 75.
