3214 5062
756 471 935 533 ...60-

313 645 379 712 Hio
413 644 511 711 verbo
539 651 652 731 pereat
687 648 878 732 synonymis
908 643 1094 732 profundat
1121 643 1241 728 portat
1273 648 1383 714 addito

313 757 364 826 vis
388 756 609 821 alliterationie
633 761 780 838 augetur.

421 863 641 949 copulationis
651 862 839 930 bimembris
850 863 1021 930 verborum
1031 883 1382 951 synonymorum‚quae

314 993 389 1038 oum
415 957 526 1038 eadem
551 975 785 1059 praepositione
806 976 981 1059 composita
1010 979 1098 1057 sunt,
1125 975 1206 1040 haee
1233 978 1380 1060 exempla

313 1087 453 1148 exstant.
511 1083 606 1150 Adel.
637 1079 700 1147 927

474 1192 632 1260 ottooore
666 1194 853 1280 odiunpere.

312 1297 385 1366 Tria
399 1300 497 1366 verba
509 1304 609 1370 ootore
624 1305 782 1371 adiuvare
793 1302 972 1388 odinapere
986 1303 1124 1386 priorem
1134 1320 1264 1366 versum
1281 1301 1382 1387 expli·

314 1416 390 1476 eant
399 1431 471 1476 oum
485 1413 596 1476 dicant
608 1431 670 1496 quo
680 1413 776 1477 modo
786 1412 907 1476 familia
918 1409 1138 1476 unafaoienda
1150 1411 1201 1474 sit.
1218 1409 1303 1476 Eun.
1316 1412 1379 1476 886

474 1531 529 1595 epo
552 1530 602 1576 mo
623 1515 698 1577 tuoe
722 1507 904 1577 commendo
928 1515 957 1576 ot
979 1505 1137 1574 committo
1159 1507 1231 1590 fido.

314 1613 435 1680 Heaut
459 1613 524 1678 473

477 1702 584 1788 Syrus
606 1727 679 1774 oum
708 1705 763 1772 illo
794 1707 898 1772 oestro
928 1709 1176 1786 ooneusurrortt,
1209 1666 1382 1787 conferunt

475 1811 621 1878 oonnlo'a

314 1888 502 1970 Notandum
532 1905 580 1965 eet
608 1897 878 1983 praepositionem
903 1919 962 1966 oon
986 1903 1018 1964 et
1049 1899 1083 1962 in
1111 1871 1242 1963 nomine
1269 1900 1381 1983 repeti.

421 2008 529 2073 Verba
541 2007 618 2072 bina
630 2027 705 2072 oum
718 2027 752 2072 ro
765 2009 941 2091 composita
954 2010 1159 2092 coniungunt
1161 2028 1200 2072 nr
1146 2007 1301 2073 t.Eun
1317 2008 1381 2072 174

313 2118 484 2186 restituam
507 2139 545 2188 oo
567 2117 711 2198 reddam,
745 2113 830 2180 Eun.
856 2117 919 2180 746
954 2119 1086 2186 reddero
1109 2140 1149 2186 oo
1171 2118 1263 2185 restit
1262 2139 1349 2201 nero,
1353 2101 1392 2203 ¹)'

256 2229 259 2234 '
314 2227 432 2294 Heaut
471 2227 534 2292 946
565 2227 740 2294 rotundam
776 2225 931 2313 oedipum,
967 2228 1061 2294 Adel.
1097 2225 1161 2292 397
1197 2247 1300 2368 nequo
1330 2247 1381 2292 ro·

308 2338 429 2422 preest
450 2359 555 2421 neque
576 2336 712 2420 retroit.

421 2447 591 2514 Interdum
612 2445 782 2512 Terentius
802 2445 940 2510 verbum
960 2445 1098 2530 simplex
1116 2465 1189 2510 oum
1205 2446 1380 2529 composito

315 2553 480 2642 copulat).
525 2554 642 2620 Heaut.
668 2555 733 2617 404
757 2554 900 2638 disperio,
919 2555 1017 2641 perii,
1042 2555 1162 2620 Heaut.
1186 2555 1251 2618 465
1276 2559 1383 2622 sumat

315 2671 483 2734 consumat
500 2665 628 2750 perdat,
652 2662 736 2728 Eun.
764 2664 827 2726 962
852 2664 927 2733 dioo,
946 2666 1043 2733 odiro.
1089 2664 1128 2728 In
1151 2660 1382 2748 his‘exemplis

315 2778 452 2842 verbum
481 2773 696 2860 compositum
723 2771 798 2858 plns
830 2773 917 2838 valet
952 2795 1048 2860 quam
1085 2771 1233 2858 simplex.
1280 2772 1383 2838 Aliter

315 2889 423 2950 autem
447 2883 533 2950 Eun.
557 2883 621 2951 377
647 2883 750 2951 obduro
770 2883 842 2965 dno,
871 2884 927 2948 ubi
951 2886 1016 2949 duo
1041 2883 1139 2949 verba
1163 2883 1302 2947 ducendi
1326 2901 1382 2946 no·

315 2997 436 3060 tionem
453 2994 580 3059 duobus
596 2995 709 3075 modis,
722 2994 755 3057 id
768 3004 816 3058 eet
831 2995 909 3061 hino
921 3001 1018 3079 atque
1030 2994 1073 3061 od
1088 3015 1167 3070 eom,
1184 2991 1382 3075 exprimunt.

317 3103 474 3168 Similiter
500 3107 535 3167 in
559 3103 655 3167 Phor.
679 3100 742 3165 103
769 3103 856 3170 imos
878 3103 1036 3180 nouimus,
1060 3100 1190 3186 explere
1210 3119 1383 3185 possumus

316 3237 356 3282 ooo
379 3214 543 3282 tonstrina
565 3213 660 3294 irorata,
690 3212 820 3279 domum
842 3212 983 3300 oirpirto's
1005 3211 1162 3278 vonimus.
1224 3209 1267 3274 Et
1294 3210 1382 3274 notio

316 3325 419 3389 eundi
431 3323 480 3388 bis
493 3322 687 3406 exprimitur
698 3321 785 3388 And.
803 3320 868 3386 744
879 3323 1013 3407 reliquit
1022 3343 1072 3388 me
1081 3322 1174 3388 tomo
1182 3327 1279 3405 atque
1296 3319 1382 3388 abitt.

424 3431 715 3496 Homoeoteleuton
740 3436 787 3496 est
809 3433 843 3495 in
866 3433 1000 3517 prologo
1024 3432 1119 3496 Phor.
1144 3433 1164 3494 8

477 3525 507 3588 et
529 3541 602 3586 oum
619 3520 752 3602 plorare
775 3542 878 3589 orare.

317 3633 438 3698 Eadem
484 3629 584 3695 verba
631 3634 717 3693 inter
769 3632 907 3714 plurima
954 3648 1141 3716 synonyma
1196 3625 1381 3690 invenimus

317 3745 403 3829 apud
438 3741 614 3806 Caecilium
654 3739 802 3823 Statium,
830 3741 912 3804 Ι212
948 3738 1005 3826 (R)
1040 3731 1142 3806 ol'omo
1171 3735 1299 3821 postulo
1334 3733 1381 3802 ob-

317 3874 405 3920 seoro
443 3872 498 3918 oro
527 3850 620 3934 ploro
648 3855 745 3932 atoue
771 3849 906 3932 imploro
929 3849 1033 3932 fidem,
1058 3867 1101 3915 -ν,
1128 3845 1190 3910 156
1220 3845 1382 3931 plorando

319 3963 452 4038 orando,
494 3961 579 4044 apud
614 3958 650 4023 L.
673 3959 846 4023 Afranium
884 3958 947 4022 246
982 3957 1036 4043 (R)
1067 3958 1178 4041 plorat
1213 3962 1294 4024 orat
1341 3956 1380 4020 Iu

317 4069 532 4080 —.-.--———

426 4103 452 4172 1)
471 4099 559 4155 Hano
585 4097 768 4155 locutionem
795 4094 893 4152 sexies
919 4096 951 4152 in
974 4097 1111 4169 Digestis
1138 4095 1269 4163 inveniri
1295 4100 1383 4152 notet

318 4193 436 4259 Preuss,
455 4209 484 4264 p.
504 4193 548 4249 99.

424 4284 452 4354 2)
472 4283 517 4339 cf.
536 4281 657 4363 Hauler,
676 4281 868 4346 Terentiana,
888 4296 916 4350 p.
934 4279 967 4334 21
989 4299 1048 4352 eq.v
