3214 5062
788 506 964 566 -]4..

348 683 434 750 And.
458 684 584 747 90-91

764 791 996 876 comperiebam
1019 790 1069 853 mit
1090 789 1134 852 od
1155 787 1365 874 Pamphilum
1496 797 1499 801 '

505 901 681 986 quiequam
703 902 847 966 attinere.

347 1034 434 1101 Eun.
457 1032 523 1096 884

506 1142 557 1206 m‘t
580 1141 640 1205 tibi
662 1140 836 1225 quiequam
859 1139 959 1206 eredo.

350 1275 443 1338 Phor.
469 1272 512 1336 80

313 1389 318 1396 '
506 1385 613 1445 moster
635 1378 716 1443 mati
738 1379 790 1442 mit
808 1377 984 1464 quiequam
1005 1378 1123 1463 primo.

347 1513 442 1576 Phor.
467 1513 531 1574 250

509 1623 625 1685 torem
647 1619 699 1683 mit
720 1618 897 1704 quiequam
919 1620 1037 1684 aeeidet
1059 1620 1171 1684 animo
1194 1641 1319 1685 novom.

348 1753 427 1821 Hee.
450 1752 515 1817 400

507 1861 560 1926 tote
582 1858 670 1922 tibist
691 1859 742 1922 mit
762 1860 938 1944 quiequam
961 1860 1167 1928 incommodi.

351 1996 445 2059 Adel.
469 1992 532 2056 366

514 2101 566 2165 mit
586 2095 761 2181 quiequam
784 2098 855 2161 oidi
875 2099 998 2164 laetius.

358 2233 453 2298 Η666
487 2230 678 2295 locutionem
716 2227 799 2312 apud
825 2229 944 2292 multos
975 2232 1145 2315 scriptores
1180 2232 1412 2315 frequentatam

351 2342 529 2428 (abstinere
552 2345 658 2404 autem
683 2343 795 2401 notum
819 2345 867 2402 est
880 2337 1065 2404 Ciceronem
1082 2348 1113 2405 et
1129 2340 1311 2424 06666666)
1328 2345 1414 2403 amet

237 2443 242 2451 ’
351 2455 501 2520 Plautus.
554 2450 600 2515 Of.
626 2451 680 2514 Ae.
706 2448 778 2530 146,
801 2447 875 2512 Bac.
901 2450 997 2530 1036,
1023 2451 1091 2515 Ges
1119 2451 1213 2534 1008,
1237 2451 1316 2516 Mer.
1341 2451 1414 2529 399,

352 2564 425 2646 666,
450 2563 524 2640 666,
560 2561 633 2638 666,
659 2559 732 2642 666,
756 2555 852 2622 Most.
880 2560 952 2643 750,
976 2562 1075 2627 poen.
1101 2563 1174 2644 504,
1199 2561 1314 2628 Pseud.
1339 2561 1413 2638 809,
1491 2545 1494 2551 '

352 2672 445 2738 True.
480 2671 555 2735 369.
603 2668 763 2732 Omnibus
799 2669 849 2732 his
884 2670 962 2734 loeis
985 2673 1160 2755 quisquam
1187 2675 1218 2735 66
1239 2671 1414 2755 quiequam

352 2783 434 2848 adici
459 2782 613 2845 videntur
639 2784 677 2842 ut
693 2780 743 2842 vis
767 2781 948 2844 sententiae
972 2781 1108 2844 addatur
1130 2784 1163 2844 et
1185 2782 1296 2871 eodem
1321 2782 1415 2844 modo

351 2902 449 2977 etque
473 2892 607 2976 Anglioe
630 2889 754 2970 nobody
776 2892 811 2951 at
832 2889 883 2972 ott,
906 2891 1042 2974 mothimy
1066 2895 1100 2954 ot
1122 2891 1168 2953 ao
1192 2889 1357 2956 dicuntur.

456 3042 562 3105 Voces
577 3058 671 3104 memo
687 3044 717 3102 et
730 3038 818 3103 mittit
831 3041 978 3122 genetivo
993 3042 1141 3125 partitive
1170 3038 1414 3104 confirmantur.

354 3153 440 3217 And.
466 3151 531 3214 063

510 3262 635 3322 nemost
656 3277 750 3340 quem
774 3258 901 3322 mollem
924 3258 1083 3322 ommium.

355 3392 475 3458 Heaut.
500 3389 562 3452 267

677 3516 756 3560 mom
780 3497 864 3561 mitti
885 3519 977 3562 mem
997 3499 1049 3565 mit
1064 3520 1175 3564 rerum
1190 3501 1370 3564 ommimmst

510 3609 597 3692 qood
617 3607 745 3671 metim.

354 3740 521 3806 Ε66.561

510 3868 604 3912 memo
633 3849 812 3913 ommiumst
834 3870 929 3933 quem
952 3869 1005 3932 696
1027 3868 1117 3910 mem
1139 3848 1243 3931 moyis
1266 3868 1413 3932 euperem

779 3957 884 4023 videre
906 3979 1006 4042 quam
1030 3964 1066 4022 te.

352 4066 437 4131 1066.
463 4066 524 4128 757

510 4181 633 4242 nemost
655 4176 826 4241 homimem
850 4177 909 4260 qui
926 4176 1014 4240 oioot
1036 4177 1158 4241 mimis.

353 4305 505 4370 Proximo
538 4311 570 4369 in
607 4307 754 4390 exemplo
777 4311 807 4370 et
830 4309 977 4390 genetivo
1000 4309 1170 4373 homimum
1194 4315 1225 4372 et
1249 4328 1326 4373 voce
1355 4307 1413 4391 qui
