3214 5062
781 515 827 532 ....
850 486 890 548 18
914 513 959 532 ,.,.

343 659 605 742 explanationem
640 653 790 721 Scbmalz
814 657 836 726 l.
860 675 887 724 c.
919 662 985 726 not.
1010 657 1095 720 elea
1124 655 1252 740 accipit.
1302 653 1407 720 Etiam

343 767 518 850 Woelfflin,
540 765 607 830 Lat
634 783 667 830 n.
692 785 774 833 rom.
799 765 909 850 Oornp.
932 785 963 849 p.
986 765 1028 828 41
1054 769 1216 848 comparat
1236 763 1409 830 formulam

343 895 403 950 eeu
433 882 552 964 sepiem
586 877 620 939 in
655 871 738 942 Euo.
763 877 826 940 332
860 874 958 958 (idem
994 873 1106 938 scribit
1141 871 1254 938 (licere
1278 872 1320 936 ad
1342 873 1408 936 Art.

344 985 378 1052 X
408 986 438 1066 8,
471 987 500 1068 6,
534 984 612 1050 Hor.
650 982 753 1068 Epist.
786 983 803 1046 I
840 985 869 1060 1,
889 983 957 1064 58,
993 981 1166 1046 formulam
1206 987 1311 1048 autem
1353 999 1411 1050 sex

343 1100 402 1160 aul
423 1099 539 1186 sepiem
570 1093 664 1161 Lucr.
688 1092 737 1156 IV
760 1091 836 1173 577,
866 1090 1002 1156 Martial.
1026 1090 1090 1158 VII
1114 1092 1167 1172 58,
1191 1090 1224 1176 1)
1254 1096 1286 1155 et
1318 1096 1410 1174 putat

339 1200 488 1288 plerique
524 1221 637 1266 omnes
669 1201 754 1268 idem
787 1220 826 1266 ac
853 1201 1001 1288 plerique
1033 1200 1083 1266 uel
1117 1219 1228 1265 omues
1262 1197 1409 1294 ralereff)

344 1309 479 1394 Spengel
516 1312 557 1374 ad
587 1312 674 1376 And.
705 1312 756 1392 55,
794 1308 946 1375 Dziatzlro
970 1310 1010 1378 ad
1033 1310 1128 1382 Phor.
1157 1310 1231 1392 172,
1265 1309 1346 1373 Brix
1369 1309 1410 1372 ad

343 1418 453 1490 Plaut.
475 1417 562 1485 Trio.
586 1421 628 1483 29
651 1419 846 1484 locutionem
881 1419 1079 1504 plusquam
1112 1419 1267 1508 plerique,
1302 1419 1410 1486 minus

344 1550 443 1614 quam
466 1548 576 1593 omues
599 1530 706 1594 valere
734 1529 952 1594 consentiunt.
998 1528 1153 1594 Dziatzso
1177 1533 1211 1594 et
1234 1527 1316 1592 Brix
1339 1525 1411 1592 verss

345 1643 419 1706 tunt
451 1639 503 1706 uu
526 1639 607 1706 ullor
633 1637 766 1705 meisleu
799 1643 831 1702 et
861 1657 935 1702 cum
953 1636 1077 1704 Donato
1101 1639 1296 1703 locutionem
1322 1637 1409 1701 idern

345 1767 416 1814 esse
439 1745 698 1840 ao'nolprcoiloi
721 1747 894 1830 explicant.
940 1747 1031 1812 Haec
1045 1748 1267 1833 interpretatio
1283 1746 1410 1830 ellipsin
1462 1815 1464 1822 ,

345 1876 418 1922 esse
451 1858 485 1920 in
508 1837 648 1922 formula
684 1863 791 1940 negat.
836 1857 945 1942 Atque
980 1877 1177 1942 quamquam
1211 1857 1290 1921 haec
1312 1855 1409 1921 verba

345 1967 574 2030 coniunctione
611 1966 806 2030 disiunctiva
837 1965 1003 2030 interdum
1043 1968 1234 2050 copulantur
1266 1966 1321 2048 (cl.
1345 1965 1411 2029 Cic.

348 2076 387 2139 de
414 2074 483 2142 inv.
505 2073 540 2138 ΙΙ
563 2075 617 2152 40,
643 2075 705 2138 117
731 2074 841 2140 omuiu
863 2079 922 2141 aul
939 2075 1105 2160 pleraque,
1137 2057 1176 2138 de
1214 2075 1278 2138 fato
1302 2073 1352 2138 111
1382 2074 1410 2155 6,

346 2189 405 2256 out
422 2185 579 2267 pleraque
602 2190 661 2252 uui
684 2184 819 2266 omniu),
843 2184 895 2247 bic
928 2203 994 2248 non
1018 2189 1069 2249 est
1091 2203 1172 2248 usus
1199 2185 1409 2259 comicorum,

348 2295 406 2378 qui
441 2293 570 2357 duobus
604 2293 712 2358 verbis
746 2313 810 2358 non
847 2293 943 2358 aliter
969 2297 1066 2376 atque
1100 2313 1166 2357 uno
1189 2294 1337 2377 plerique
1362 2293 1410 2358 uti

346 2403 506 2467 ridentur.
552 2401 744 2486 Comparare
766 2421 940 2486 possumus
963 2402 1159 2468 locutionem
1183 2402 1408 2468 Germanicam

345 2511 416 2578 elue
443 2531 547 2596 pariae
570 2512 693 2594 Meuqe,
729 2510 850 2594 quibus
885 2509 992 2576 verbis
1015 2492 1207 2577 non'maior
1234 2511 1409 2578 multitudo
1460 2537 1461 2540 ¹

347 2641 463 2706 quam·
483 2620 582 2685 verbo
619 2640 686 2684 uno
721 2619 840 2706 Meupe
882 2620 1078 2703 designatur,
1118 2623 1175 2686 sed
1214 2621 1409 2685 adiectivum

343 2752 447 2820 poure
482 2729 617 2814 ponderi
654 2728 783 2792 cuidam
824 2729 997 2793 locutionis
1039 2732 1147 2796 sarrit.
1196 2729 1310 2813 Neque
1346 2749 1411 2794 vox

346 2841 485 2924 anglica
508 2861 530 2908 u
551 2838 651 2904 ulaole
674 2839 726 2914 lot,
762 2857 846 2921 quae
879 2840 915 2901 in
939 2856 1087 2902 sermone
1122 2840 1284 2906 cotidiano
1317 2858 1410 2924 saepe

346 2952 487 3028 auditur,
511 2948 601 3014 aliud
624 2954 721 3030 atque
744 2967 765 3012 u
788 2947 832 3012 lol
853 2946 948 3010 valet.
1005 2947 1158 3015 Similiter
1180 2951 1214 3012 in
1248 2949 1410 3014 locutione

342 3061 490 3147 plerique
514 3078 631 3140 omues,
668 3075 865 3141 quamquam
885 3057 1062 3120 sententiae
1096 3057 1145 3120 vis
1182 3057 1280 3121 verbo
1304 3079 1411 3126 omues

348 3170 457 3236 addito
480 3172 627 3250 augetur,
659 3167 688 3229 si
723 3186 831 3233 omues
863 3167 1065 3230 omitteretur
1099 3166 1179 3228 nihil
1214 3167 1410 3232 desiderare-

349 3298 431 3362 mus,
472 3283 505 3342 et
544 3275 751 3359 Eugrapbius
792 3279 878 3342 recta
922 3274 1119 3346 iudicavisse
1162 3275 1295 3339 videtur
1337 3295 1410 3340 cum

349 3389 432 3452 dixit
466 3406 573 3454 omues
608 3384 773 3449 abundare
808 3389 840 3447 ot
856 3383 1004 3466 plerique
1037 3383 1305 3466 significationem
1339 3405 1410 3470 pro-

351 3495 458 3579 priam
497 3494 672 3557 continere.
734 3491 769 3556 Si
813 3493 897 3556 hanc
939 3493 1185 3577 explicationem
1232 3494 1411 3582 accipimus

352 3603 479 3668 videtur
507 3602 656 3688 plerique
690 3605 754 3668 vim
792 3600 1039 3683 substantivam,
1079 3622 1186 3669 omues
1223 3605 1286 3666 vim
1322 3605 1410 3667 attri-

350 3711 495 3777 butivam
508 3711 637 3795 habere,
651 3711 685 3775 id
701 3710 787 3792 quod
801 3710 975 3774 locutionis
986 3709 1196 3776 Germanicae
1212 3718 1243 3776 et
1254 3713 1408 3796 Anglioae

349 3821 497 3904 analogia
519 3821 773 3887 commendatur.
1302 3823 1305 3830 '

354 4073 356 4076 .
456 4016 483 4084 1)
501 4014 646 4072 Similiter
661 4013 795 4072 iudicant
808 4014 925 4080 Preuss,
945 4013 981 4069 de
992 4013 1163 4070 bimembris
1181 4015 1321 4071 dissoluti
1331 4013 1411 4088 apud

352 4106 512 4178 scriptores
522 4108 673 4164 Romanos
692 4123 748 4161 usu
760 4104 906 4172 sollemni,
926 4122 954 4175 p.
972 4106 1016 4159 56.
1052 4104 1151 4170 Ebert,
1162 4107 1228 4163 Act.
1247 4107 1368 4178 Erlang.
1379 4105 1411 4160 Π

350 4209 378 4270 p.
398 4199 459 4254 350.
476 4247 478 4254 .
494 4198 618 4271 Gorgos,
636 4198 672 4255 de
683 4195 862 4271 quibusdam
880 4195 1024 4252 sermonis
1035 4194 1163 4251 Gallieni
1178 4198 1410 4268 proprietatibus

351 4306 379 4362 p.
399 4291 442 4345 62.
