3214 5062
652 460 833 522 ..172

314 633 405 698 Voce
436 633 580 718 plerique
613 653 737 715 omues,
767 635 920 720 pleraque
957 635 1070 701 ornuiu
1103 630 1276 722 scriptores

210 742 419 808 vetustissimi
447 744 609 808 interdurn
645 749 793 827 utuntur,
828 745 944 810 deinde
976 745 1110 822 Gellius,
1145 743 1275 826 Fronto,

209 849 435 934 Macrobius.¹)
480 853 574 937 Apud
602 855 774 937 scriptores
808 845 942 939 priores
958 856 1020 920 tria
1054 869 1095 918 ex
1131 855 1276 938 quinquo

209 961 369 1046 exemplis
391 961 567 1027 Terentius
589 963 732 1046 praebet.
779 964 865 1028 And.
889 964 934 1026 55
1077 957 1080 960 ’

368 1089 454 1170 quod
473 1089 623 1174 plerique
640 1109 750 1155 murres
772 1089 902 1173 fueluul
915 1065 1164 1171 udulesoeululi,
1189 1093 1191 1100 '

211 1211 307 1281 Phor.
334 1213 398 1276 172
828 1201 830 1205 ’

367 1322 577 1408 implerique
598 1345 709 1392 omues
731 1349 848 1392 sumus
871 1326 1019 1411 luqeulo:
1155 1334 1158 1340 '

209 1447 330 1515 Heant.
354 1451 420 1514 830
1059 1445 1063 1451 ’
1169 1440 1175 1454 ’

212 1549 216 1554 ’
368 1557 443 1625 ulae·
457 1560 609 1645 pleraque
631 1560 752 1626 omurb.

210 1689 259 1756 Pl.
282 1688 369 1758 Trio.
390 1688 433 1752 20

370 1797 419 1861 e'lu
436 1796 584 1881 plerr'que
606 1819 717 1864 omues
739 1800 807 1864 ium
830 1807 909 1894 puul
929 1800 1138 1868 lulermorlul

211 1925 357 2008 Naevius
382 1925 424 1987 52
449 1921 627 2008 (Baehrens
649 1947 682 2010 p.
706 1927 761 2008 50)

366 2032 513 2117 plerique
535 2054 645 2099 omues
666 2035 866 2120 sublquulur
887 2037 948 2103 sub
970 2055 1078 2101 uuum
1101 2035 1274 2108 iudicium.

211 2162 346 2228 Locutio
361 2161 450 2225 varie
470 2165 521 2225 est
537 2162 705 2244 explicata.
742 2161 891 2229 Donatus
905 2163 945 2226 ad
962 2162 1047 2226 And.
1065 2164 1106 2226 55
1133 2161 1203 2245 (11,
1219 2159 1276 2247 28)

213 2269 374 2353 ‘Plerique
396 2289 506 2334 omues
524 2261 712 2355 ἆρχαισμὸς
740 2278 797 2336 est.
842 2271 924 2337 Nam
947 2277 1032 2335 errat
1053 2272 1108 2354 qui
1131 2268 1278 2356 plerique

213 2374 379 2463 eroqdluor
400 2380 560 2462 intellegit
586 2387 643 2443 ant
670 2383 728 2464 qni
755 2381 989 2464 subdistinguit
1006 2378 1155 2464 plerique
1177 2386 1209 2442 et
1230 2381 1277 2442 sio

212 2489 309 2554 infert
331 2507 451 2553 omues.
497 2469 570 2552 Hoc
593 2491 677 2553 enim
701 2509 760 2574 pro
794 2509 861 2554 una
892 2495 983 2574 perte
1010 2488 1164 2554 orationis
1187 2488 1278 2552 dixe·

212 2601 291 2662 runt
325 2601 448 2660 veteres
493 2597 604 2662 eodem
640 2598 735 2663 modo
774 2619 838 2684 quo
874 2599 987 2664 Graeci
1027 2593 1213 2680 adunallo
1248 2602 1279 2661 ot

214 2703 320 2772 Latini
341 2706 418 2790 plus
441 2703 542 2771 aulis!
586 2706 662 2770 Alia
685 2713 792 2773 autem
816 2711 849 2772 in
883 2708 1089 2774 annotatione
1114 2706 1279 2790 ‘Figurate

175 2889 177 2894 ,
211 2815 399 2880 Terentius:
435 2812 601 2901 nups‘luor
623 2817 672 2904 τῷ
692 2813 879 2905 dpqeropqi’
897 2812 963 2882 ‘bio
985 2835 1061 2896 ergo
1074 2815 1218 2900 plerique
1236 2834 1278 2880 ex

215 2926 394 2990 abundanti
416 2927 558 3009 positum
582 2925 651 2992 est’.

321 3034 527 3118 Etrgraphins
560 3033 792 3099 abundantiam
830 3053 900 3100 ease
932 3036 966 3098 in
999 3034 1163 3098 locutione
1193 3033 1278 3115 dioit,

216 3145 273 3212 sed
288 3146 517 3228 interpretatur
539 3163 659 3226 omues,
683 3163 749 3208 non
768 3144 916 3229 plerique
938 3163 1009 3209 osso
1032 3159 1277 3227 supervacuum.

216 3257 267 3320 Ad
293 3255 380 3320 And.
403 3253 444 3316 55
469 3253 629 3338 ‘Plerique
651 3275 778 3322 omues:
809 3255 896 3338 apud
919 3255 1071 3337 antiquos
1093 3255 1156 3316 ista
1179 3251 1277 3314 dictio

216 3364 409 3451 ponebatur:
448 3367 485 3426 ut
519 3383 629 3430 omues
663 3383 904 3448 supervacuum
935 3363 1034 3443 fieret,
1068 3366 1100 3424 et
1133 3362 1280 3445 superior

217 3481 343 3538 tantum
369 3491 474 3536 sermo
497 3476 658 3559 propriam
687 3471 953 3557 significationem
981 3468 1181 3534 contineret'.
1224 3468 1279 3531 Ad

216 3585 336 3648 Heaut.
362 3583 426 3646 430
450 3582 509 3665 (IV
537 3585 564 3665 7,
589 3584 622 3669 2)
648 3585 755 3666 ‘supra
789 3581 931 3644 diximus
957 3582 992 3643 in
1017 3579 1140 3643 Andria
1168 3577 1279 3641 omulu

218 3693 384 3758 abundare
408 3699 439 3755 et
452 3693 604 3776 pleraque
619 3690 885 3774 significationem
908 3705 999 3750 suam
1019 3687 1179 3770 propriam
1204 3705 1279 3749 oon-

217 3799 340 3868 tinere’.
376 3801 528 3867 Similiter
540 3800 679 3877 Weiske,
698 3799 737 3861 de
752 3799 937 3881 pleonasmo
954 3794 1074 3859 Graeco
1090 3815 1120 3878 p.
1134 3797 1175 3858 58
1191 3800 1280 3858 notat

219 3913 456 4000 pleonasmum.
505 3909 615 3990 Reisig
644 3913 750 3973 autem
773 3908 902 3970 mavult
924 3905 1101 3986 asyndeton
1138 3905 1280 3968 disiunc-

218 4025 321 4086 tivum
360 4025 500 4086 statuere
540 4021 585 4102 (p.
618 4016 682 4082 832
722 4019 771 4084 ed.
806 4012 1150 4096 Schuetz-Landgraf),
1183 4014 1278 4076 ouius

296 4254 298 4258 .
323 4179 350 4247 1)
369 4177 437 4232 Alia
456 4180 503 4231 est
521 4174 632 4230 leontio
653 4181 817 4249 plerumque
836 4187 936 4240 omues,
966 4168 1051 4224 Caes.
1069 4169 1104 4225 B.
1122 4169 1156 4224 G.
1175 4167 1206 4224 11
1235 4169 1278 4234 30,

217 4268 304 4326 Luor.
323 4267 366 4324 IV
387 4268 465 4324 1049.

1063 4370 1081 4422 2
