3214 5062
787 467 964 527 ..50..1

339 644 444 729 posite
466 649 598 726 augent.
643 661 713 725 spes
739 644 771 703 et
805 661 876 724 opes
914 640 1000 724 opud
1025 641 1181 706 Plautum
1215 640 1408 726 copulantur

343 756 416 819 Am.
442 751 538 834 1053,
560 748 636 834 Cup.
660 745 738 830 445,
761 748 837 831 517,
861 751 933 814 Per.
957 750 1032 830 253,
1054 748 1141 816 Rud.
1165 749 1240 832 204,
1265 751 1361 816 1145.

400 849 401 854 ¹
448 860 513 928 Sed
555 859 696 943 plurimo
733 877 911 944 synonyme
953 859 1127 924 coniuncto
1166 861 1252 945 opud
1290 859 1407 928 Teren·

340 974 424 1037 tium
461 970 647 1034 invenimus
692 985 774 1052 quse
812 967 868 1031 alii
910 969 1093 1052 scriptores¹
1121 987 1216 1054 saepe
1254 971 1406 1054 copulent

342 1080 401 1147 ubi
435 1096 542 1164 neque
564 1079 732 1141 slliterstio
754 1094 861 1159 neque
879 1077 1157 1142 homoeoteleuton
1180 1079 1215 1142 in
1238 1079 1405 1145 vocabulis

339 1191 434 1254 inest.
457 1187 653 1270 Exemplum
676 1191 725 1251 est
748 1185 870 1252 melum
892 1184 1070 1254 dommum:
1096 1187 1182 1252 And.
1210 1187 1272 1250 143
1296 1217 1298 1223 ·

502 1296 582 1380 quid
604 1295 709 1380 fociae
725 1295 775 1362 illi
791 1294 913 1362 dederit
928 1295 986 1378 qui
1008 1295 1166 1363 dommum
1181 1301 1241 1363 aut
1261 1295 1405 1364 51515151

342 1406 429 1472 Eun.
453 1406 517 1470 995

1111 1533 1191 1580 num
1214 1514 1362 1599 quidest

504 1623 598 1690 aliud
620 1621 699 1689 moli
722 1621 873 1688 damnive
889 1669 897 1688 .
916 1669 922 1684 .
939 1670 947 1688 .
966 1619 1141 1689 relicuom?

343 1741 494 1808 Donatus
531 1741 572 1806 sd
601 1740 688 1804 And.
713 1740 776 1803 143
815 1737 983 1807 ‘dommum
1019 1742 1066 1804 rei
1104 1750 1160 1823 est,
1200 1741 1322 1808 molum
1356 1742 1405 1825 ip·

342 1854 413 1918 sius
445 1848 596 1916 hominis'
631 1854 663 1912 et
685 1849 769 1913 Brix
802 1848 842 1912 ed
863 1847 949 1912 Trin.
974 1849 1039 1913 219
1074 1847 1243 1918 ‘dommum
1265 1850 1404 1931 verius,

343 1958 547 2026 Geldstrete’.
591 1957 664 2022 Hoo
688 1957 861 2024 discrimen
900 1959 999 2021 stetui
1022 1963 1127 2043 potest
1154 1961 1195 2024 in
1229 1959 1314 2027 Eun.
1340 1960 1403 2023 995

343 2069 401 2135 ubi
430 2073 521 2154 pstor
555 2068 595 2132 de
625 2067 767 2132 eunuelli
790 2067 952 2152 emptione
980 2069 1013 2130 et
1036 2065 1075 2128 de
1099 2065 1239 2133 Chaerea
1261 2088 1404 2154 compre·

341 2177 512 2243 hendendo
539 2176 853 2262 constringendoque
887 2175 1021 2257 audivit,
1050 2195 1115 2241 non
1138 2183 1247 2243 eutem
1282 2186 1332 2244 est
1363 2180 1403 2243 ad

341 2287 427 2354 nno.
454 2288 518 2352 143
542 2291 661 2371 aptum.
707 2285 863 2351 Similiter
885 2287 919 2349 in
943 2282 1111 2350 nonnullis
1134 2288 1293 2371 exemplis
1305 2287 1404 2352 Plen-

340 2398 418 2464 linis
442 2396 540 2462 verbu
557 2380 607 2460 'ito
630 2380 811 2460 coalescere
819 2395 971 2493 videntur
993 2400 1031 2460 ut
1053 2397 1218 2461 notionem
1242 2397 1404 2480 singulam

342 2514 515 2591 exponent.
561 2503 608 2569 Oi.
630 2505 705 2569 Aul.
728 2502 805 2586 535,
823 2503 896 2585 726,
921 2502 986 2572 Cis.
1010 2505 1085 2588 321,
1109 2507 1206 2570 Poen.
1228 2505 1304 2585 465,
1332 2506 1404 2586 749,

339 2614 427 2683 Trin.
451 2616 526 2696 219,
548 2613 642 2678 l'ruc.
667 2615 742 2678 228.
788 2612 899 2678 Cicero
924 2613 990 2678 duo
1002 2607 1162 2679 vocubulu
1185 2634 1251 2679 non
1276 2614 1404 2679 videtur

340 2726 547 2807 coniungere.
570 2723 633 2788 Sed
649 2742 723 2786 cum
735 2721 947 2787 alliteretione
959 2723 1036 2787 dicit
1043 2723 1134 2790 Verr.
1145 2722 1195 2787 lIl
1211 2724 1272 2787 108
1282 2722 1404 2790 domno

341 2851 378 2898 oc
404 2830 605 2916 detrimento,
634 2832 685 2898 III
708 2833 783 2913 228,
819 2832 1011 2899 detrimenta
1037 2838 1133 2916 alque
1167 2834 1298 2913 dommo,
1320 2833 1337 2897 Ι
1361 2835 1403 2897 33

341 2942 464 3008 dommo
486 2941 648 3020 dedecoro,
684 2943 724 3007 de
757 2941 826 3006 uin.
849 2941 928 3006 141
954 2946 1023 3008 tum
1054 2943 1093 3008 im
1126 2943 1248 3010 dommo
1274 2947 1343 3010 tum
1366 2945 1404 3008 im

341 3050 505 3133 dedecora,
546 3052 585 3115 de
626 3050 701 3134 Leg.
740 3051 763 3115 ·1
791 3052 830 3115 51
866 3055 998 3136 propter
1041 3052 1165 3120 domno
1203 3056 1262 3118 aut
1307 3051 1403 3117 detri-

342 3164 460 3227 memte.

449 3269 501 3334 Ex
530 3268 822 3333 iureconsullorum
856 3286 1002 3332 sermone
1030 3288 1093 3352 quo
1131 3288 1226 3353 saepe
1263 3288 1317 3336 ree
1353 3269 1403 3335 bis

341 3379 533 3464 exprimitur
572 3377 697 3442 ridetur
732 3376 900 3442 Terentius
938 3377 1133 3441 locutionem
1177 3379 1226 3445 vis
1263 3384 1404 3463 poteslas

344 3507 509 3573 usurpare.
555 3487 673 3554 Heaut.
699 3487 763 3550 710

502 3597 560 3684 qui
593 3595 658 3663 vim
698 3600 824 3662 temtum
846 3593 884 3659 im
922 3615 971 3660 me
998 3600 1027 3661 el
1065 3600 1249 3680 potestatem
1270 3597 1402 3664 labeum

766 3708 876 3769 tantae
897 3705 1045 3772 astutiae.

331 3814 893 3899 rcl.ulp.1)ig.9,4,1‹pmcom
924 3814 1088 3881 actionum
1121 3815 1170 3883 vis
1203 3822 1233 3883 et
1260 3820 1400 3900 potestus

267 4001 269 4005 ¹
340 3923 559 3990 haeoeet.—
583 3922 666 3986 Eun.
694 3923 778 3987 1039

497 4031 589 4117 petri
603 4052 635 4098 ee
650 4031 752 4098 lisois
764 4032 1005 4111 commendauit,
1019 4036 1056 4101 im
1068 4035 1246 4102 clientelam
1257 4040 1288 4101 et
1310 4034 1404 4118 fidem

501 4141 592 4208 mobis
614 4142 701 4208 dedit
721 4164 763 4209 se.

341 4249 448 4315 Verba
485 4250 663 4319 clientelam
700 4260 732 4317 et
769 4250 873 4333 fidem,
914 4253 998 4317 inter
1037 4272 1118 4337 qnae
1156 4251 1303 4317 Donatus
1339 4253 1403 4315 dis·
